0000021062120005                  L.B.SCLER.PL.ASBL/S.CENTR GEBABEBB   00424264043 00000                                       2
10136250013850069 EUR0BE                  0000000114857140200621L.B.SCLER.PL.ASBL/S.CENTR                                    136
21000100002106211216000706     0000000000042000210621001500000RUBAN 2021                                           21062113601 0
2200010000                                                                                        GEBABEBB                   1 0
2300010000BE38271038028072                  EURDECKERS YVES                                                                  0 1
31000100012106211216000706     001500001001DECKERS YVES                                                                      1 0
3200010001RUE DU HAUTMONT 17                 1421 BRAINE-L'ALLEUD                                                            0 0
21000200002106211031592397     0000000000040000210621001500000RUBAN 2021                                           21062113601 0
2200020000                                                                                        NICABEBB                   1 0
2300020000BE78103045960486                  EURM. ARMAND CROMPOT                                                             0 1
31000200012106211031592397     001500001001M. ARMAND CROMPOT                                                                 1 0
3200020001RUE DU BROUTA(TH),7                7350 HENSIES                                                                    0 0
8136250013850069 EUR0BE                  0000000114939140210621                                                                0
9               000012000000000000000000000000082000                                                                           1
