0000022042120005                  L.B.SCLER.PL.ASBL/S.CENTR GEBABEBB   00424264043 00000                                       2
10082250013850069 EUR0BE                  0000000096730270210421L.B.SCLER.PL.ASBL/S.CENTR                                    082
21000100002104220956365167     0000000000150000220421001500000PROJETS 2021-115833                                  22042108201 0
2200010000                                                                                        GEBABEBB                   1 0
2300010000BE29210047705864                  EURMME SUZANNE JACOBS                                                            0 1
31000100012104220956365167     001500001001MME SUZANNE JACOBS                                                                1 0
3200010001AV. LOUISE 421                     1050 BRUXELLES                                                                  0 0
21000200002104221546286354     0000000000150000220421001500000DON POUR LA SEP PROJETS 2021-114631                  22042108201 0
2200020000                                                                                        GEBABEBB                   1 0
2300020000BE79001061648933                  EURDANTHINE-FILIPOZZI                                                            0 1
31000200012104221546286354     001500001001DANTHINE-FILIPOZZI                                                                1 0
3200020001RUE DE LA CRETE 27                 7160 CHAPELLE-LEZ-HERLAIMON                                                     0 0
21000300002104220956364837     0000000000050000210421001500000PROJETS 2021 - 116854                                22042108201 0
2200030000                                                                                        GEBABEBB                   1 0
2300030000BE78210017405286                  EURLEPEER PHILIPPE                                                               0 1
31000300012104220956364837     001500001001LEPEER PHILIPPE                                                                   1 0
3200030001RUE DE HEEMBEEK 163 1              1120 BRUXELLES                                                                  0 0
21000400002104220956364773     0000000000040000220421001500000PROJET 2021-98051                                    22042108201 0
2200040000                                                                                        GEBABEBB                   1 0
2300040000BE14145046785583                  EURFERNEMONT-BEGUIN                                                              0 1
31000400012104220956364773     001500001001FERNEMONT-BEGUIN                                                                  1 0
3200040001CHEMIN DES MINES 11                5003 NAMUR                                                                      0 0
8082250013850069 EUR0BE                  0000000097120270220421                                                                0
9               000022000000000000000000000000390000                                                                           1
