0000010052120005                  L.B.SCLER.PL.ASBL/S.CENTR GEBABEBB   00424264043 00000                                       2
10100250013850069 EUR0BE                  0000000101436270090521L.B.SCLER.PL.ASBL/S.CENTR                                    100
21000100002105101549579770     0000000000050000100521001500000CLAUDE ET MONETTE                                    10052110001 0
2200010000                                                                                        GEBABEBB                   1 0
2300010000BE94001073772014                  EURDENOEL-MULKENS                                                                0 1
31000100012105101549579770     001500001001DENOEL-MULKENS                                                                    1 0
3200010001VERMEULENSTRAAT 9 0002             3700 TONGEREN                                                                   0 0
21000200002105100957001741     0000000000025000090521001500000EN SOUVENIR DE NORBERT SINCERE CONDOLEANCE  DE PASCAL10052110001 0
2200020000 VILAIN                                                                                 GEBABEBB                   1 0
2300020000BE18001573307765                  EURPASCAL VILAIN SPRL                                                            0 1
31000200012105100957001741     001500001001PASCAL VILAIN SPRL                                                                1 0
3200020001RUE SAINT-LUC 52 B                 5004 BOUGE                                                                      0 0
21000300002105100850544033     0000000000020000100521001500000EN SOUVENIR DE NORBERT                               10052110001 0
2200030000                                                     6100-20210507-5070308745           BPOTBEB1                   1 0
2300030000BE84000413352059                  EURMME MARIE MAILLEN                                                             0 1
31000300012105100850544033     001500001001MME MARIE MAILLEN                                                                 1 0
3200030001AVENUE PAUL HYMANS,122 /B22        1200 WOLUWE-SAINT-LAMBERT                                                       0 0
21000400002105101025451788     0000000000005000100521001500000DON MENSUEL                                          10052110001 0
2200040000                                                                                        CPHBBE75                   1 0
2300040000BE16126204505574                  EURM., MME FLABA GIBON ALAIN                                                     0 1
31000400012105101025451788     001500001001M., MME FLABA GIBON ALAIN                                                         1 0
3200040001RUE DE LA GOULETTE 122             6200 BOUFFIOULX                                                                 0 0
8100250013850069 EUR0BE                  0000000101536270100521                                                                0
9               000022000000000000000000000000100000                                                                           1
