0000026042120005                  L.B.SCLER.PL.ASBL/S.CENTR GEBABEBB   00424264043 00000                                       2
10086250013850069 EUR0BE                  0000000097700270250421L.B.SCLER.PL.ASBL/S.CENTR                                    086
21000100002104260850309963     0000000000050000260421001500000POUR LA RECHERCHE EN SOUVENIR D'OVIDE CANSELIET      26042108601 0
2200010000                                                                                        GKCCBEBB                   1 0
2300010000BE79068244964433                  EUROFFICE DU TOURISME DE LA                                                      0 1
31000100012104260850309963     001500001001OFFICE DU TOURISME DE LA                                                          1 0
3200010001VILLE DE CHIEVRES A S B L          7950 CHIEVRES                                                                   0 0
21000200002104260850309990     0000000000050000260421001500000PROJETS 2021-117784                                  26042108601 0
2200020000                                                                                        BPOTBEB1                   1 0
2300020000BE80000071060277                  EURM. ALAIN PIERARD                                                              0 1
31000200012104260850309990     001500001001M. ALAIN PIERARD                                                                  1 0
3200020001RUE DE LA PRAIE(HSH)               6120 HAM-SUR-HEURE-NALINNES                                                     0 0
21000300002104260850310003     0000000000050000260421001500000POUR  LA RECHERCHE,EN MEMOIRE  D'OVIDE CANSELIET     26042108601 0
2200030000                                                                                        BPOTBEB1                   1 0
2300030000BE63000025880408                  EURGROYNE-SCULIER                                                                0 1
31000300012104260850310003     001500001001GROYNE-SCULIER                                                                    1 0
3200030001RUE JOSEPH LIZON, 11               7950 HUISSIGNIES                                                                0 0
21000400002104260956391012     0000000000040000260421001500000PROJETS 2021 -94644                                  26042108601 0
2200040000                                                                                        GEBABEBB                   1 0
2300040000BE93210066368967                  EURROELANDTS COLETTE                                                             0 1
31000400012104260956391012     001500001001ROELANDTS COLETTE                                                                 1 0
3200040001AVENUE DES MIMOSAS 42 B023         1150 WOLUWE-SAINT-PIERRE                                                        0 0
21000500002104261026481453     0000000000040000260421001500000PROJETS2021-103709                                   26042108601 0
2200050000                                                                                        BNAGBEBB                   1 0
2300050000BE77634538570142                  EURLINOTTE FABIEN                                                                0 1
31000500012104261026481453     001500001001LINOTTE FABIEN                                                                    1 0
3200050001AVENUE FRANKLIN ROOSEVELT 23/A     4600 VISE                                                                       0 0
21000600002104261824261199     0000000000040000260421002500000PROJETS 2021-95452                                   26042108601 0
2200060000                                                     NOTPROVIDED                        BBRUBEBBXXX        OTHR    1 0
2300060000BE42310016574154                  EURMLLE MONIQUE TIETERICKX                                                       0 1
31000600012104261824261199     002500001001MLLE MONIQUE TIETERICKX                                                           1 0
3200060001AV G E LEBON 111 BTE 11            1160 AUDERGHEM                                                                  0 0
21000700002104260850309977     0000000000020000260421001500000POUR LA RECHERCHE EN SOUVENIR D'OVIDE CANSELIET      26042108601 0
2200070000                                                                                        BPOTBEB1                   1 0
2300070000BE92000020896123                  EURMME NOELLE LENAIN                                                             0 1
31000700012104260850309977     001500001001MME NOELLE LENAIN                                                                 1 0
3200070001AVENUE DE LOUDUN(L),138            7900 LEUZE-EN-HAINAUT                                                           0 0
21000800002104260850309701     0000000000005000260421001500000                                                     26042108601 0
2200080000                                                                                        GKCCBEBB                   1 0
2300080000BE30063059875711                  EURVAN RUYMBEKE CARINE                                                           0 1
31000800012104260850309701     001500001001VAN RUYMBEKE CARINE                                                               1 0
3200080001RUE ARTAN 152                      1030 BRUXELLES                                                                  0 0
8086250013850069 EUR0BE                  0000000097995270260421                                                                0
9               000042000000000000000000000000295000                                                                           1
