0000018062120005                  L.B.SCLER.PL.ASBL/S.CENTR GEBABEBB   00424264043 00000                                       2
10133250013850069 EUR0BE                  0000000114468140170621L.B.SCLER.PL.ASBL/S.CENTR                                    133
21000100002106181149484515     0000000000100000180621002500000RUBAN 2021                                           18062113301 0
2200010000                                                     NOTPROVIDED                        BBRUBEBBXXX        OTHR    1 0
2300010000BE60310149242670                  EURMME NELLY BODDAERT-GILLIS                                                     0 1
31000100012106181149484515     002500001001MME NELLY BODDAERT-GILLIS                                                         1 0
3200010001AV G LECLERCQ 20                   1083 BRUXELLES                                                                  0 0
21000200002106180849515715     0000000000050000180621001500000RUBAN 2021                                           18062113301 0
2200020000                                                                                        GKCCBEBB                   1 0
2300020000BE43063006330701                  EURWILKIN GILBERT                                                                0 1
31000200012106180849515715     001500001001WILKIN GILBERT                                                                    1 0
3200020001RUE DE LA JUSTICE 516              6200 CHATELET                                                                   0 0
21000300002106181517042908     0000000000035000180621001500000RUBAN 2021                                           18062113301 0
2200030000                                                                                        BBRUBEBB                   1 0
2300030000BE68340093400934                  EURMLLE JACQUELINE PUISSANT                                                      0 1
31000300012106181517042908     001500001001MLLE JACQUELINE PUISSANT                                                          1 0
3200030001AV EMILE DIGNEFFE 37 83            4000 LIEGE                                                                      0 0
21000400002106180849515662     0000000000010000180621001500000EN SOUVENIR DE VINCENT                               18062113301 0
2200040000                                                                                        GKCCBEBB                   1 0
2300040000BE07063957228266                  EURGRIFFE GENEVIEVE                                                              0 1
31000400012106180849515662     001500001001GRIFFE GENEVIEVE                                                                  1 0
3200040001RUE DE SELYS 33                    4053 EMBOURG                                                                    0 0
21000500002106181431549681     0000000000004000180621001500000DON                                                  18062113301 0
2200050000                                                                                        GEBABEBB                   1 0
2300050000BE25001124267382                  EURDESPONTIN ANDRE                                                               0 1
31000500012106181431549681     001500001001DESPONTIN ANDRE                                                                   1 0
3200050001RUE PUISSANT 125                   6040 CHARLEROI                                                                  0 0
8133250013850069 EUR0BE                  0000000114667140180621                                                                0
9               000027000000000000000000000000199000                                                                           1
