0000016022120005                  L.B.SCLER.PL.ASBL/S.CENTR GEBABEBB   00424264043 00000                                       2
10034250013850069 EUR0BE                  0000000139455720150221L.B.SCLER.PL.ASBL/S.CENTR                                    034
21000100002102160657229190     0000000000050000160221002500000EN SOUVENIR DE JEAN-LOUIS THEATRE                    16022103401 0
2200010000                                                     NOTPROVIDED                        BBRUBEBBXXX        OTHR    1 0
2300010000BE46310123767036                  EURFRAU URSULA SCHWAB                                                            0 1
31000100012102160657229190     002500001001FRAU URSULA SCHWAB                                                                1 0
3200010001AV KERSBEEK 291                    1180 UCCLE                                                                      0 0
21000200002102160849279469     0000000000025000160221001500000VERSEMENT MENSUEL                                    16022103401 0
2200020000                                                                                        DEUTBEBE                   1 0
2300020000BE64611579224052                  EURM+MME MICHELS - SMEYERS                                                       0 1
31000200012102160849279469     001500001001M+MME MICHELS - SMEYERS                                                           1 0
3200020001BERKENDALLAAN 125                  1800 VILVOORDE                                                                  0 0
21000300002102161018538831     0000000000020000160221001500000                                                     16022103401 0
2200030000                                                                                        NICABEBB                   1 0
2300030000BE44103021580245                  EURLEGRAND - DELBEQUE                                                            0 1
31000300012102161018538831     001500001001LEGRAND - DELBEQUE                                                                1 0
3200030001RUE PIERREUX 5                     4190 XHORIS                                                                     0 1
31000300022102161018538831     001500001008LIGUE BELGE SCLEROSE EN PL                                                        0 0
8034250013850069 EUR0BE                  0000000139550720160221                                                                0
9               000018000000000000000000000000095000                                                                           1
