0000023062120005                  L.B.SCLER.PL.ASBL/S.CENTR GEBABEBB   00424264043 00000                                       2
10138250013850069 EUR0BE                  0000000115639140220621L.B.SCLER.PL.ASBL/S.CENTR                                    138
21000100002106231903056450     0000000000060000230621001500000DON                                                  23062113801 0
2200010000                                                                                        GEBABEBB                   1 0
2300010000BE47140056911280                  EURWILLEMS JACQUELINE                                                            0 1
31000100012106231903056450     001500001001WILLEMS JACQUELINE                                                                1 0
3200010001AVENUE DES COTTAGES 16             1471 GENAPPE                                                                    0 0
21000200002106230849536554     0000000000040000230621001500000PROJETS 2021-115992                                  23062113801 0
2200020000                                                                                        CREGBEBB                   1 0
2300020000BE48732693023827                  EURVERCAUTEREN ANDRE                                                             0 1
31000200012106230849536554     001500001001VERCAUTEREN ANDRE                                                                 1 0
3200020001RUE DES ANGLAIS 22                 7538 VEZON                                                                      0 0
21000300002106231216313506     0000000000025000230621001500000EN SOUVENIR DE MADELEINE.                            23062113801 0
2200030000                                                                                        GEBABEBB                   1 0
2300030000BE68001172617034                  EURBEUSINNE VIVIANE                                                              0 1
31000300012106231216313506     001500001001BEUSINNE VIVIANE                                                                  1 0
3200030001RUE BASSE-HERMALLE 30              4600 VISE                                                                       0 0
8138250013850069 EUR0BE                  0000000115764140230621                                                                0
9               000017000000000000000000000000125000                                                                           1
