0000016032120005                  L.B.SCLER.PL.ASBL/S.CENTR GEBABEBB   00424264043 00000                                       2
10056250013850069 EUR0BE                  0000000090957220150321L.B.SCLER.PL.ASBL/S.CENTR                                    056
21000100002103161740236630     0000000000080000160321002500000                                                     16032105601 0
2200010000                                                     NOTPROVIDED                        CREGBEBBXXX                1 0
2300010000BE44194013856145                  EURBOSSUT PATRICIA                                                               0 1
31000100012103161740236630     002500001001BOSSUT PATRICIA                                                                   1 0
3200010001AVENUE DU HARAS 105                1150 BRUXELLES                                                                  0 0
21000200002103160849101626     0000000000070000160321001500000                                                     16032105601 0
2200020000                                                                                        GKCCBEBB                   1 0
2300020000BE14063040851583                  EURROUSSILLE MARTINE                                                             0 1
31000200012103160849101626     001500001001ROUSSILLE MARTINE                                                                 1 0
3200020001RUE JEAN LENOIR 69                 7332 SIRAULT                                                                    0 0
21000300002103152121019915     0000000000025000150321002500000EN SOUVENIR DE JEAN BOULANGER                        16032105601 0
2200030000                                                     NOTPROVIDED                        BBRUBEBBXXX        OTHR    1 0
2300030000BE09377001631657                  EURMME SYLVIE DUMOULIN                                                           0 1
31000300012103152121019915     002500001001MME SYLVIE DUMOULIN                                                               1 0
3200030001RUE V. BRODURE 24                  4910 THEUX                                                                      0 0
21000400002103160849101640     0000000000025000160321001500000VERSEMENT MENSUEL                                    16032105601 0
2200040000                                                                                        DEUTBEBE                   1 0
2300040000BE64611579224052                  EURM+MME MICHELS - SMEYERS                                                       0 1
31000400012103160849101640     001500001001M+MME MICHELS - SMEYERS                                                           1 0
3200040001BERKENDALLAAN 125                  1800 VILVOORDE                                                                  0 0
21000500002103161018210124     0000000000020000160321001500000                                                     16032105601 0
2200050000                                                                                        NICABEBB                   1 0
2300050000BE44103021580245                  EURLEGRAND - DELBEQUE                                                            0 1
31000500012103161018210124     001500001001LEGRAND - DELBEQUE                                                                1 0
3200050001RUE PIERREUX 5                     4190 XHORIS                                                                     0 1
31000500022103161018210124     001500001008LIGUE BELGE SCLEROSE EN PL                                                        0 0
21000600002103160849101599     00000000000100001603210015000001103.110894                                          16032105601 0
2200060000                                                                                        GKCCBEBB                   1 0
2300060000BE63776594154908                  EURRAMARD NATHALIE                                                               0 1
31000600012103160849101599     001500001001RAMARD NATHALIE                                                                   1 0
3200060001RUE DES CROISIERS 6/1              7712 HERSEAUX                                                                   0 0
8056250013850069 EUR0BE                  0000000091187220160321                                                                0
9               000033000000000000000000000000230000                                                                           1
