0000025022120005                  L.B.SCLER.PL.ASBL/S.CENTR GEBABEBB   00424264043 00000                                       2
10039250013850069 EUR0BE                  0000000089715720240221L.B.SCLER.PL.ASBL/S.CENTR                                    039
21000100002102250323281691     0000000001050000240221001500000FONDS ISAJH-BE1905-TOTALITE                          25022103901 0
2200010000                                                     2A1D4D4512A34719ACA4797B98E836F1   GEBABEBB                   1 0
2300010000BE14001212265883                  EURFS ISAJH                                                                      0 1
31000100012102250323281691     001500001001FS ISAJH                                                                          0 0
21000200002102250956346244     0000000000005000250221001500000ORDRE PERMANENT                    EXONERATION       25022103901 0
2200020000                                                     170040849                          GEBABEBB                   1 0
2300020000BE93001014432767                  EURBOEMBEKE JEAN-MARIE                                                           0 1
31000200012102250956346244     001500001001BOEMBEKE JEAN-MARIE                                                               1 0
3200020001RUE FRECHE 7                       6000 CHARLEROI                                                                  0 0
21000300002102250956346362     0000000000005000250221001500000115564 PROJET 2021                                   25022103901 0
2200030000                                                     174964302                          GEBABEBB                   1 0
2300030000BE13210069033639                  EURHENRI F.PETIT                                                                 0 1
31000300012102250956346362     001500001001HENRI F.PETIT                                                                     1 0
3200030001R. GARE DE RAMILLIES 33            1367 RAMILLIES                                                                  0 0
8039250013850069 EUR0BE                  0000000090775720250221                                                                0
9               000016000000000000000000000001060000                                                                           1
