0000025052120005                  L.B.SCLER.PL.ASBL/S.CENTR GEBABEBB   00424264043 00000                                       2
10112250013850069 EUR0BE                  0000000102966530230521L.B.SCLER.PL.ASBL/S.CENTR                                    112
21000100002105250853586376     0000000000050000250521001500000                                                     25052111201 0
2200010000                                                                                        AXABBE22                   1 0
2300010000BE73750632808560                  EURLEEMPOELS RENE                                                                0 1
31000100012105250853586376     001500001001LEEMPOELS RENE                                                                    1 0
3200010001AVENUE DES EPERVIERS 119 B14       1150 WOLUWE-SAINT-PIERRE                                                        0 0
21000200002105250853586402     0000000000005000250521001500000                                                     25052111201 0
2200020000                                                                                        GKCCBEBB                   1 0
2300020000BE30063059875711                  EURVAN RUYMBEKE CARINE                                                           0 1
31000200012105250853586402     001500001001VAN RUYMBEKE CARINE                                                               1 0
3200020001RUE ARTAN 152                      1030 BRUXELLES                                                                  0 0
21000300002105250956308372     0000000000005000250521001500000ORDRE PERMANENT                    EXONERATION       25052111201 0
2200030000                                                     170040849                          GEBABEBB                   1 0
2300030000BE93001014432767                  EURBOEMBEKE JEAN-MARIE                                                           0 1
31000300012105250956308372     001500001001BOEMBEKE JEAN-MARIE                                                               1 0
3200030001RUE FRECHE 7                       6000 CHARLEROI                                                                  0 0
21000400002105250956308408     0000000000005000250521001500000115564 PROJET 2021                                   25052111201 0
2200040000                                                     174964302                          GEBABEBB                   1 0
2300040000BE13210069033639                  EURHENRI F.PETIT                                                                 0 1
31000400012105250956308408     001500001001HENRI F.PETIT                                                                     1 0
3200040001R. GARE DE RAMILLIES 33            1367 RAMILLIES                                                                  0 0
8112250013850069 EUR0BE                  0000000103031530250521                                                                0
9               000022000000000000000000000000065000                                                                           1
