0000003052120005                  L.B.SCLER.PL.ASBL/S.CENTR GEBABEBB   00424264043 00000                                       2
10093250013850069 EUR0BE                  0000000098845270020521L.B.SCLER.PL.ASBL/S.CENTR                                    093
21000100002105030850592597     0000000000100000030521001500000PROJET2021 83061                                     03052109301 0
2200010000                                                                                        GKCCBEBB                   1 0
2300010000BE39792534990519                  EURCOX - VONCKEN                                                                 0 1
31000100012105030850592597     001500001001COX - VONCKEN                                                                     1 0
3200010001RUE DES TROIS FERMES 26            4600 VISE                                                                       0 0
21000200002105031029081778     0000000000100000030521001500000PROJETS 2021-108480                                  03052109301 0
2200020000                                                                                        NICABEBB                   1 0
2300020000BE08853840939613                  EURCRAMPTON - PASQUET                                                            0 1
31000200012105031029081778     001500001001CRAMPTON - PASQUET                                                                1 0
3200020001HONNEKINBERG 15                    1950 KRAAINEM                                                                   0 0
21000300002105031029081799     0000000000100000030521001500000EN SOUVENIR DE NORBERT (SVP PAS DE PUBLICITES) ATTEST03052109301 0
2200030000ATION FISCALE SOUHAITEE                                                                 ARSPBE22                   1 0
2300030000BE85979219491706                  EURRENS - NACHTERGAELE                                                           0 1
31000300012105031029081799     001500001001RENS - NACHTERGAELE                                                               1 0
3200030001OMER LEPREUXSTRAAT 28/M000         1081 KOEKELBERG                                                                 0 0
21000400002105031719091212     0000000000100000030521001500000EN SOUVENIR DE NORBERT                               03052109301 0
2200040000                                                     20210503CEC101003318-020059        KEYTBEBB                   1 0
2300040000BE55651141992444                  EURDEHEZ - VAN HAESDONCK                                                         0 1
31000400012105031719091212     001500001001DEHEZ - VAN HAESDONCK                                                             1 0
3200040001RUE DES GAUX 27                    6200 CHATELET                                                                   0 0
21000500002105030850592514     0000000000060000030521001500000PROJETS 2021-75664                                   03052109301 0
2200050000                                                     6100-20210429-4290305285           BPOTBEB1                   1 0
2300050000BE14000023162283                  EURM. ANDRE BEDORET                                                              0 1
31000500012105030850592514     001500001001M. ANDRE BEDORET                                                                  1 0
3200050001AVENUE DE LA RESERVE, 13/1         1640 RHODE-SAINT-GENESE                                                         0 0
21000600002105031029081765     0000000000060000030521001500000PROJETS 2021 83308                                   03052109301 0
2200060000                                                                                        AXABBE22                   1 0
2300060000BE05750952929475                  EURDE KEMMETER HUBERT                                                            0 1
31000600012105031029081765     001500001001DE KEMMETER HUBERT                                                                1 0
3200060001KRAAIAARD 2                        9031 DRONGEN                                                                    0 0
21000700002105031703128594     0000000000050000030521001500000EN SOUVENIR DE NORBERT                               03052109301 0
2200070000                                                     202105031342490621ISABEL           GEBABEBB                   1 0
2300070000BE67001445745287                  EURASBL ENS.SEC.CAT.CI/CC.SUB                                                    0 1
31000700012105031703128594     001500001001ASBL ENS.SEC.CAT.CI/CC.SUB                                                        1 0
3200070001RUE SAINT-HUBERT 14                5590 CINEY                                                                      0 0
21000800002105030850592459     0000000000048000030521001500000EN MEMOIRE DE NORBERT DEHEZ                          03052109301 0
2200080000                                                                                        BPOTBEB1                   1 0
2300080000BE43000157043101                  EURM. JEAN KNOTT                                                                 0 1
31000800012105030850592459     001500001001M. JEAN KNOTT                                                                     1 0
3200080001AYE, RUE EN BRONZE,7               6900 MARCHE-EN-FAMENNE                                                          0 0
21000900002105031102365279     0000000000040000030521001500000DON. NUMERO NATIONAL 54.06.16-321.84                 03052109301 0
2200090000                                                                                        GEBABEBB                   1 0
2300090000BE15001123010830                  EURDE HARENNE LAMBERT                                                            0 1
31000900012105031102365279     001500001001DE HARENNE LAMBERT                                                                1 0
3200090001RUE PROVINCIALE 520                4458 JUPRELLE                                                                   0 0
21001000002105030850592605     0000000000025000030521001500000SUZANNE DUQUESNE EN SOUVENIR D O                     03052109301 0
2200100000                                                     6100-20210429-4290300872           BPOTBEB1                   1 0
2300100000BE78000082216186                  EURMLLE JACQUELINE DEREMIER                                                      0 1
31001000012105030850592605     001500001001MLLE JACQUELINE DEREMIER                                                          1 0
3200100001RUE MARCEL BERNARD, 14             7950 CHIEVRES                                                                   0 0
21001100002105030850592614     0000000000020000030521001500000POUR LA RECHERCHE EN SOUVENIR D OVIDE CANSELIET      03052109301 0
2200110000                                                                                        AXABBE22                   1 0
2300110000BE74800251475107                  EURDURENNE CHRISTINE                                                             0 1
31001100012105030850592614     001500001001DURENNE CHRISTINE                                                                 1 0
3200110001RUE LUCIEN LAURENT 71              7972 QUEVAUCAMPS                                                                0 0
21001200002105031029081653     0000000000020000030521001500000EN SOUVENIR DE NORBERT                               03052109301 0
2200120000                                                                                        ARSPBE22                   1 0
2300120000BE80979972956077                  EURPIERRE STACHE                                                                 0 1
31001200012105031029081653     001500001001PIERRE STACHE                                                                     1 0
3200120001RUE POLET 38                       5020 NAMUR                                                                      0 0
21001300002105030850592392     0000000000010000030521001500000                                                     03052109301 0
2200130000                                                                                        BPOTBEB1                   1 0
2300130000BE98000118902293                  EURFINET NATACHA                                                                 0 1
31001300012105030850592392     001500001001FINET NATACHA                                                                     1 0
3200130001RUE DU GAZOMETRE(PAC),20           6230 PONT-A-CELLES                                                              0 1
31001300022105030850592392     001500001008LIGUE BELGE SCLEROSE EN                                                           0 1
31001300032105030850592392     001500001009MLLE FINET NATACHA                                                                0 0
21001400002105031029081752     0000000000010000030521001500000                                                     03052109301 0
2200140000                                                                                        CREGBEBB                   1 0
2300140000BE92732029621023                  EURHAEGEMAN BERNADETTE                                                           0 1
31001400012105031029081752     001500001001HAEGEMAN BERNADETTE                                                               1 0
3200140001RUE ROGER HENOCK 1 B48 B           6567 MERBES-LE-CHATEAU                                                          0 0
21001500002105031747021625     0000000000010000030521001500000DON                                                  03052109301 0
2200150000                                                                                        GEBABEBB                   1 0
2300150000BE70001230796725                  EURSPAUTE CATHERINE                                                              0 1
31001500012105031747021625     001500001001SPAUTE CATHERINE                                                                  1 0
3200150001RUE ADRIEN VICTOR 15               6750 MUSSON                                                                     0 0
21001600002105030850592472     0000000000005000030521001500000DON MEMBRE 1302                                      03052109301 0
2200160000                                                                                        BPOTBEB1                   1 0
2300160000BE43000026723601                  EURWARNANTS FRANCINE                                                             0 1
31001600012105030850592472     001500001001WARNANTS FRANCINE                                                                 1 0
3200160001RUE DE PETIT-ROEULX(OB),46         6230 PONT-A-CELLES                                                              0 0
21001700002105031719091184     0000000000005000030521001500000MAHIEU CLEMENTINE - DON                              03052109301 0
2200170000                                                     20210503CEC101003318-020058        KEYTBEBB                   1 0
2300170000BE50651195921818                  EURCLEMENTINE EMILIE MAHIEU                                                      0 1
31001700012105031719091184     001500001001CLEMENTINE EMILIE MAHIEU                                                          1 0
3200170001PLACE DES VEAUX DE MARS 2B0021     5030 GEMBLOUX                                                                   0 0
21001800002105031029081788     0000000000003500030521001500000DON CHANTAL MEUNIER-MELARD                           03052109301 0
2200180000                                                                                        AXABBE22                   1 0
2300180000BE49704042477771                  EURMELARD CHANTAL                                                                0 1
31001800012105031029081788     001500001001MELARD CHANTAL                                                                    1 0
3200180001AV. DE L OBSERVATOI 156 B 62       4000 LIEGE                                                                      0 0
8093250013850069 EUR0BE                  0000000099611770030521                                                                0
9               000094000000000000000000000000766500                                                                           1
