0000015062120005                  L.B.SCLER.PL.ASBL/S.CENTR GEBABEBB   00424264043 00000                                       2
10130250013850069 EUR0BE                  0000000113854640140621L.B.SCLER.PL.ASBL/S.CENTR                                    130
21000100002106150852590021     0000000000050000150621001500000RUBAN 2021                                           15062113001 0
2200010000                                                                                        GKCCBEBB                   1 0
2300010000BE06063164675622                  EURDELNESTE CHRISTIAN                                                            0 1
31000100012106150852590021     001500001001DELNESTE CHRISTIAN                                                                1 0
3200010001RUE DES VOLONTAIRES 14             1332 GENVAL                                                                     0 0
21000200002106150852590064     0000000000050000150621001500000DON                                                  15062113001 0
2200020000                                                                                        GKCCBEBB                   1 0
2300020000BE27063671224473                  EURLEMMENS HENRI                                                                 0 1
31000200012106150852590064     001500001001LEMMENS HENRI                                                                     1 0
3200020001ROND-POINT DU CHENIAT 6            6280 GERPINNES                                                                  0 0
21000300002106151435398761     0000000000050000150621001500000PROTETS 2021 - 109913                                15062113001 0
2200030000                                                                                        GEBABEBB                   1 0
2300030000BE60240001345270                  EURHUMBLET ANDRE                                                                 0 1
31000300012106151435398761     001500001001HUMBLET ANDRE                                                                     1 0
3200030001RUE DES PREMONTRES 8 0022          4000 LIEGE                                                                      0 0
21000400002106150852589719     0000000000040000150621001500000RUBAN 2021                                           15062113001 0
2200040000                                                                                        BPOTBEB1                   1 0
2300040000BE77000307630042                  EURMME MODESTE COLIN                                                             0 1
31000400012106150852589719     001500001001MME MODESTE COLIN                                                                 1 0
3200040001RUE DE HERDAL(WD),38               5100 NAMUR                                                                      0 0
21000500002106150852590046     0000000000020000150621001500000                                                     15062113001 0
2200050000                                                                                        BBRUBEBB                   1 0
2300050000BE11363137469248                  EURM EDOUARD NIFFLE                                                              0 1
31000500012106150852590046     001500001001M EDOUARD NIFFLE                                                                  1 0
3200050001RUE SUR LA FONTAINE 114            4000 LIEGE                                                                      0 0
21000600002106150956530195     0000000000020000150621001500000                                                     15062113001 0
2200060000                                                     170777949                          GEBABEBB                   1 0
2300060000BE12240057316492                  EURDOUTREWE JEAN                                                                 0 1
31000600012106150956530195     001500001001DOUTREWE JEAN                                                                     1 0
3200060001RUE NOUWEN 21                      4690 BASSENGE                                                                   0 0
21000700002106150956530153     0000000000015000150621001500000DON MENSUEL                                          15062113001 0
2200070000                                                     033868830                          GEBABEBB                   1 0
2300070000BE44001142179545                  EURDE SMEDT-STAS                                                                 0 1
31000700012106150956530153     001500001001DE SMEDT-STAS                                                                     1 0
3200070001I. CROKAERTSTRAAT 280              1731 ASSE                                                                       0 0
21000800002106150852589877     00000000000035001506210015000001102 - 112815                                        15062113001 0
2200080000                                                                                        BBRUBEBB                   1 0
2300080000BE07310082283166                  EURMME ROSANE BULLMAN                                                            0 1
31000800012106150852589877     001500001001MME ROSANE BULLMAN                                                                1 0
3200080001PARVIS ST PIERRE 12                1180 UCCLE                                                                      0 0
8130250013850069 EUR0BE                  0000000114103140150621                                                                0
9               000042000000000000000000000000248500                                                                           1
