0000027042120005                  L.B.SCLER.PL.ASBL/S.CENTR GEBABEBB   00424264043 00000                                       2
10087250013850069 EUR0BE                  0000000097995270260421L.B.SCLER.PL.ASBL/S.CENTR                                    087
21000100002104270850533994     0000000000100000270421001500000PROJETS 2021 - 117410                                27042108701 0
2200010000                                                                                        GKCCBEBB                   1 0
2300010000BE78063027882986                  EURPAQUET PHILIPPE                                                               0 1
31000100012104270850533994     001500001001PAQUET PHILIPPE                                                                   1 0
3200010001PLACE VERTE 15 A                   5620 FLORENNES                                                                  0 0
21000200002104270850533956     0000000000050000270421001500000POUR LA RECHERCHE,EN SOUVENIR D'OVIDE CANSELIET      27042108701 0
2200020000                                                                                        GKCCBEBB                   1 0
2300020000BE78061668748086                  EURMARIAULLE CHARLES                                                             0 1
31000200012104270850533956     001500001001MARIAULLE CHARLES                                                                 1 0
3200020001BD DE L'HOPITAL 71                 7800 ATH                                                                        0 0
21000300002104270850534008     0000000000050000270421001500000POUR LA RECHERCHE,EN SOUVENIR D'OVIDE CANSELIET      27042108701 0
2200030000                                                                                        GKCCBEBB                   1 0
2300030000BE95063029344858                  EURMARIAULLE MARIE                                                               0 1
31000300012104270850534008     001500001001MARIAULLE MARIE                                                                   1 0
3200030001RUE DE CHATELET 196                6280 GERPINNES                                                                  0 0
21000400002104271317101732     0000000000040000270421001500000PROJETS  2021 116587                                 27042108701 0
2200040000                                                                                        AXABBE22                   1 0
2300040000BE21750634393603                  EURLISON MYRIAM                                                                  0 1
31000400012104271317101732     001500001001LISON MYRIAM                                                                      1 0
3200040001CHEMIN DES MERLES 2                7864 DEUX-ACREN                                                                 0 0
8087250013850069 EUR0BE                  0000000098235270270421                                                                0
9               000022000000000000000000000000240000                                                                           1
