0000009042120005                  L.B.SCLER.PL.ASBL/S.CENTR GEBABEBB   00424264043 00000                                       2
10071250013850069 EUR0BE                  0000000092292020070421L.B.SCLER.PL.ASBL/S.CENTR                                    071
21000100002104090957075165     00000000000050000904210015000000402-91783 DON MENSUEL                               09042107101 0
2200010000                                                     050987657                          GEBABEBB                   1 0
2300010000BE54001101231397                  EURHOFMAN JEANNE                                                                 0 1
31000100012104090957075165     001500001001HOFMAN JEANNE                                                                     1 0
3200010001RUE THIER DU RY 35                 4671 BLEGNY                                                                     0 0
21000200002104082243386427     1000000000010000010421080330000                                                     09042107101 0
2200020000                                                                  0000000001180                                    0 0
8071250013850069 EUR0BE                  0000000092287020090421                                                                0
9               000009000000000010000000000000005000                                                                           1
