0000023052120005                  L.B.SCLER.PL.ASBL/S.CENTR GEBABEBB   00424264043 00000                                       2
10111250013850069 EUR0BE                  0000000102896530220521L.B.SCLER.PL.ASBL/S.CENTR                                    111
21000100002105221923179423     0000000000070000220521001500000DON DES VOISINS DE GRAZIELLA VALASTRO, A L'OCCASION D23052111101 0
2200010000ES FUNERAILLES DE SON PAPA.                                                             GEBABEBB                   1 0
2300010000BE38001012745472                  EURMARCOEN MARIE                                                                 0 1
31000100012105221923179423     001500001001MARCOEN MARIE                                                                     1 0
3200010001CHEMIN DES MINES 7                 5003 NAMUR                                                                      0 0
8111250013850069 EUR0BE                  0000000102966530230521                                                                0
9               000007000000000000000000000000070000                                                                           1
