0000028062120005                  L.B.SCLER.PL.ASBL/S.CENTR GEBABEBB   00424264043 00000                                       2
10142250013850069 EUR0BE                  0000000116094140270621L.B.SCLER.PL.ASBL/S.CENTR                                    142
21000100002106280849264416     0000000000150000280621001500000DON                                                  28062114201 0
2200010000                                                                                        GKCCBEBB                   1 0
2300010000BE72063957291116                  EURGEORIS MARGUERITE                                                             0 1
31000100012106280849264416     001500001001GEORIS MARGUERITE                                                                 1 0
3200010001RUE GUILLAUME LEKEU 22             4802 HEUSY                                                                      0 0
21000200002106280957172333     0000000000100000280621001500000                                                     28062114201 0
2200020000                                                                                        GEBABEBB                   1 0
2300020000BE81240078087024                  EURMANCUSO CALOGERO                                                              0 1
31000200012106280957172333     001500001001MANCUSO CALOGERO                                                                  1 0
3200020001RUE VIVALDI 69                     4100 SERAING                                                                    0 0
21000300002106280849264441     0000000000030000280621001500000EN SOUVENIR DE MADELEINE BARBETTE                    28062114201 0
2200030000                                                                                        GKCCBEBB                   1 0
2300030000BE91777590953176                  EURRAUX JULIE                                                                    0 1
31000300012106280849264441     001500001001RAUX JULIE                                                                        1 0
3200030001RUE CHOPIN 7 11                    4100 SERAING                                                                    0 0
21000400002106280957172288     0000000000020000280621001500000AIDE A LA RECHERCHE                                  28062114201 0
2200040000                                                     174992621                          GEBABEBB                   1 0
2300040000BE84240028213159                  EURNEY MONIQUE                                                                   0 1
31000400012106280957172288     001500001001NEY MONIQUE                                                                       1 0
3200040001RUE JULES CLASKIN 16               4460 GRACE-HOLLOGNE                                                             0 0
21000500002106281522123855     0000000000010000280621001500000DON                                                  28062114201 0
2200050000                                                     20210628CEC101003355-012735        KEYTBEBB                   1 0
2300050000BE45651140338289                  EURSTEPHANE FAURE                                                                0 1
31000500012106281522123855     001500001001STEPHANE FAURE                                                                    1 0
3200050001AVENUE DU DOMAINE 185B8            1190 FOREST                                                                     0 0
8142250013850069 EUR0BE                  0000000116404140280621                                                                0
9               000027000000000000000000000000310000                                                                           1
