0000015012120005                  L.B.SCLER.PL.ASBL/S.CENTR GEBABEBB   00424264043 00000                                       2
10011250013850069 EUR0BE                  0000000137765970120121L.B.SCLER.PL.ASBL/S.CENTR                                    011
21000100002101150851178374     0000000000020000150121001500000                                                     15012101101 0
2200010000                                                                                        BBRUBEBB                   1 0
2300010000BE11363137469248                  EURM EDOUARD NIFFLE                                                              0 1
31000100012101150851178374     001500001001M EDOUARD NIFFLE                                                                  1 0
3200010001RUE SUR LA FONTAINE 114            4000 LIEGE                                                                      0 0
21000200002101150956516248     0000000000020000150121001500000                                                     15012101101 0
2200020000                                                     170777949                          GEBABEBB                   1 0
2300020000BE12240057316492                  EURDOUTREWE JEAN                                                                 0 1
31000200012101150956516248     001500001001DOUTREWE JEAN                                                                     1 0
3200020001RUE NOUWEN 21                      4690 BASSENGE                                                                   0 0
21000300002101150956516291     0000000000015000150121001500000DON MENSUEL                                          15012101101 0
2200030000                                                     033868830                          GEBABEBB                   1 0
2300030000BE44001142179545                  EURDE SMEDT-STAS                                                                 0 1
31000300012101150956516291     001500001001DE SMEDT-STAS                                                                     1 0
3200030001I. CROKAERTSTRAAT 280              1731 ASSE                                                                       0 0
21000400002101150956516065     00000000000050001501210015000000502-110412                                          15012101101 0
2200040000                                                     063496306                          GEBABEBB                   1 0
2300040000BE41210012023810                  EURMME ADELE LARSILLE                                                            0 1
31000400012101150956516065     001500001001MME ADELE LARSILLE                                                                1 0
3200040001AV.D'HOMBORCHVELD 88               1180 UCCLE                                                                      0 0
21000500002101150851178409     00000000000035001501210015000001102 - 112815                                        15012101101 0
2200050000                                                                                        BBRUBEBB                   1 0
2300050000BE07310082283166                  EURMME ROSANE BULLMAN                                                            0 1
31000500012101150851178409     001500001001MME ROSANE BULLMAN                                                                1 0
3200050001AV DE BRABANCONNE 80 BT 44         1000 BRUXELLES                                                                  0 0
8011250013850069 EUR0BE                  0000000137829470150121                                                                0
9               000027000000000000000000000000063500                                                                           1
