0000006032120005                  L.B.SCLER.PL.ASBL/S.CENTR GEBABEBB   00424264043 00000                                       2
10047250013850069 EUR0BE                  0000000091046720050321L.B.SCLER.PL.ASBL/S.CENTR                                    047
21000100002103060956279840     0000000000004000060321001500000                                                     06032104701 0
2200010000                                                     147817868                          GEBABEBB                   1 0
2300010000BE98210076731193                  EURMR ET MME VANHERCK-MAZY                                                       0 1
31000100012103060956279840     001500001001MR ET MME VANHERCK-MAZY                                                           1 0
3200010001RUE CASTOR 6                       1421 BRAINE-L'ALLEUD                                                            0 0
8047250013850069 EUR0BE                  0000000091050720060321                                                                0
9               000007000000000000000000000000004000                                                                           1
