0000021122120005                  L.B.SCLER.PL.ASBL/S.CENTR GEBABEBB   00424264043 00000                                       2
10300250013850069 EUR0BE                  0000000131541630201221L.B.SCLER.PL.ASBL/S.CENTR                                    300
21000100002112210849519916     0000000000500000211221001500000DON PLASTICS WAUTERSATTESTATION A FAIRE SUIVRE, MERCI21122130001 0
2200010000                                                     202112200937112341ISABEL           GKCCBEBB                   1 0
2300010000BE47068895810080                  EURPLASTICS WAUTERS S A                                                          0 1
31000100012112210849519916     001500001001PLASTICS WAUTERS S A                                                              1 0
3200010001RUE DES CAYATS 56                  6001 MARCINELLE                                                                 0 0
21000200002112210849519860     0000000000250000211221001500000RUBAN 2021                                           21122130001 0
2200020000                                                                                        GKCCBEBB                   1 0
2300020000BE27552185030073                  EURDELLOYE VICTOR                                                                0 1
31000200012112210849519860     001500001001DELLOYE VICTOR                                                                    1 0
3200020001RUE DU CORTIL BAILLY 21            1380 LASNE                                                                      0 0
21000300002112211023008621     0000000000250000211221001500000DON                                                  21122130001 0
2200030000                                                                                        KREDBEBB                   1 0
2300030000BE67438909217187                  EURDE PAUW ALAIN                                                                 0 1
31000300012112211023008621     001500001001DE PAUW ALAIN                                                                     1 0
3200030001AVENUE WELLINGTON 40 B1            1180 UCCLE                                                                      0 0
21000400002112210956387555     0000000000120000211221001500000DON - MEILLEURS VOEUX POUR 2022                      21122130001 0
2200040000                                                                                        GEBABEBB                   1 0
2300040000BE19001323779612                  EURHEYNEN-LAZZONI                                                                0 1
31000400012112210956387555     001500001001HEYNEN-LAZZONI                                                                    1 0
3200040001RUE DU VILLAGE 14                  4631 SOUMAGNE                                                                   0 0
21000500002112210849519905     00000000001000002112210015000002104-117358   BON VENT                               21122130001 0
2200050000                                                                                        GKCCBEBB                   1 0
2300050000BE24063591680938                  EURMASSIN BRIGITTE                                                               0 1
31000500012112210849519905     001500001001MASSIN BRIGITTE                                                                   1 0
3200050001RUE VICTOR HUGO 190/3              1030 SCHAERBEEK                                                                 0 0
21000600002112210849519927     00000000001000002112210015000002102 89349                                           21122130001 0
2200060000                                                                                        GKCCBEBB                   1 0
2300060000BE68063918201934                  EURFONSNY MARIE                                                                  0 1
31000600012112210849519927     001500001001FONSNY MARIE                                                                      1 0
3200060001PLACE SAINTE-BEGGE 1               5300 ANDENNE                                                                    0 0
21000700002112211216441963     00000000001000002112210015000002144 - 117292                                        21122130001 0
2200070000                                                                                        GEBABEBB                   1 0
2300070000BE06001747350522                  EURGILLARD-MILARD                                                                0 1
31000700012112211216441963     001500001001GILLARD-MILARD                                                                    1 0
3200070001AVENUE HERBOFIN 11                 6800 LIBRAMONT-CHEVIGNY                                                         0 0
21000800002112211702334020     0000000000100000211221001500000DON 2021                                             21122130001 0
2200080000                                                                                        GEBABEBB                   1 0
2300080000BE65240064106896                  EURWERA-COHEUR                                                                   0 1
31000800012112211702334020     001500001001WERA-COHEUR                                                                       1 0
3200080001CHEE ROOSEVELT 274                 4420 SAINT-NICOLAS                                                              0 0
21000900002112211858272423     0000000000100000211221002500000108179                                               21122130001 0
2200090000                                                     NOTPROVIDED                        BBRUBEBBXXX        OTHR    1 0
2300090000BE16377088380474                  EURBEAUCAMP DELAUNOIS                                                            0 1
31000900012112211858272423     002500001001BEAUCAMP DELAUNOIS                                                                1 0
3200090001CHAUSSEE BRUNEHAULT 353            7120 ESTINNES                                                                   0 0
21001000002112210849519846     0000000000050000211221001500000DON 2021                                             21122130001 0
2200100000                                                                                        GKCCBEBB                   1 0
2300100000BE73061945855060                  EURVANDERROOST - MORTIER                                                         0 1
31001000012112210849519846     001500001001VANDERROOST - MORTIER                                                             1 0
3200100001CH DE BRUXELLES 341 3              7850 ENGHIEN                                                                    0 0
21001100002112211101337265     00000000000500002112210015000002104 110386                                          21122130001 0
2200110000                                                                                        GEBABEBB                   1 0
2300110000BE67210012186787                  EURNADIA VANDENBOGAARD                                                           0 1
31001100012112211101337265     001500001001NADIA VANDENBOGAARD                                                               1 0
3200110001GRASMUSLAAN 25 A                   1640 SINT-GENESIUS-RODE                                                         0 0
21001200002112210956387637     0000000000040000201221001500000                                                     21122130001 0
2200120000                                                                                        GEBABEBB                   1 0
2300120000BE13001293140039                  EURMARTINS-CARETTE                                                               0 1
31001200012112210956387637     001500001001MARTINS-CARETTE                                                                   1 0
3200120001AVENUE DU PARC 42                  5004 NAMUR                                                                      0 0
21001300002112211147073072     00000000000400002112210025000002103-118064 VIZZINI CALOGERO                         21122130001 0
2200130000                                                     NOTPROVIDED                        BBRUBEBBXXX        OTHR    1 0
2300130000BE07363194807766                  EURM CALOGERO VIZZINI                                                            0 1
31001300012112211147073072     002500001001M CALOGERO VIZZINI                                                                1 0
3200130001RUE DE LA MEUSE 18                 4101 JEMEPPE-SUR-M                                                              0 0
21001400002112210849519807     0000000000015000211221001500000EN MEMOIRE DE ROGER GERSON                           21122130001 0
2200140000                                                                                        GKCCBEBB                   1 0
2300140000BE35063892342037                  EURSANTE - DUCOMBLE                                                              0 1
31001400012112210849519807     001500001001SANTE - DUCOMBLE                                                                  1 0
3200140001ROUTE DE FALIZE 41/2               4960 MALMEDY                                                                    0 0
8300250013850069 EUR0BE                  0000000133356630211221                                                                0
9               000072000000000000000000000001815000                                                                           1
