0000031012120005                  L.B.SCLER.PL.ASBL/S.CENTR GEBABEBB   00424264043 00000                                       2
10020250013850069 EUR0BE                  0000000138334220300121L.B.SCLER.PL.ASBL/S.CENTR                                    020
21000100002101310957176149     00000000000050003101210015000001802 115218                                          31012102001 0
2200010000                                                     173340332                          GEBABEBB                   1 0
2300010000BE95144056151158                  EURNANIOT CHRISTIAN                                                              0 1
31000100012101310957176149     001500001001NANIOT CHRISTIAN                                                                  1 0
3200010001RUE FETIS 26 402                   5500 DINANT                                                                     0 0
21000200002101310957176202     0000000000005000310121001500000                                                     31012102001 0
2200020000                                                     118113682                          GEBABEBB                   1 0
2300020000BE74210080476407                  EURDUBRULLE PIERRE                                                               0 1
31000200012101310957176202     001500001001DUBRULLE PIERRE                                                                   1 0
3200020001AVENUE VAN SEVER 74                1970 WEZEMBEEK-OPPEM                                                            0 0
8020250013850069 EUR0BE                  0000000138344220310121                                                                0
9               000012000000000000000000000000010000                                                                           1
