0000009072120005                  L.B.SCLER.PL.ASBL/S.CENTR GEBABEBB   00424264043 00000                                       2
10152250013850069 EUR0BE                  0000000118521890080721L.B.SCLER.PL.ASBL/S.CENTR                                    152
21000100002107091308515767     0000000000050000090721002500000RUBAN 2021                                           09072115201 0
2200010000                                                     NOTPROVIDED                        KREDBEBBXXX                1 0
2300010000BE80736032312077                  EURMERLIN JACQUELINE                                                             0 1
31000100012107091308515767     002500001001MERLIN JACQUELINE                                                                 1 0
3200010001AVENUE JOSEPH JONGEN 4             1180 UCCLE                                                                      0 0
21000200002107090957335878     00000000000050000907210015000000402-91783 DON MENSUEL                               09072115201 0
2200020000                                                     050987657                          GEBABEBB                   1 0
2300020000BE54001101231397                  EURHOFMAN JEANNE                                                                 0 1
31000200012107090957335878     001500001001HOFMAN JEANNE                                                                     1 0
3200020001RUE THIER DU RY 35                 4671 BLEGNY                                                                     0 0
8152250013850069 EUR0BE                  0000000118576890090721                                                                0
9               000012000000000000000000000000055000                                                                           1
