0000001022120005                  L.B.SCLER.PL.ASBL/S.CENTR GEBABEBB   00424264043 00000                                       2
10021250013850069 EUR0BE                  0000000138344220310121L.B.SCLER.PL.ASBL/S.CENTR                                    021
21000100002102011024484016     0000000000125000010221001500000LAURIE  XAVIER ET OLIVIA      DE LA PART DE MARTINE  01022102101 0
2200010000 LUCETTE  MARIE- CLAIRE  FRANCINE CECILE                                                NICABEBB                   1 0
2300010000BE74103010314707                  EURM. BENOIT BADERT                                                              0 1
31000100012102011024484016     001500001001M. BENOIT BADERT                                                                  1 0
3200010001RUE DE CHAUMONT,15/A               1315 ROUX-MIROIR                                                                0 0
21000200002102010853108174     0000000000050000010221001500000PROJETS 2020-92726                                   01022102101 0
2200020000                                                     6100-20210129-1290904770           BPOTBEB1                   1 0
2300020000BE66000004670043                  EURM. PIERRE LENFANT                                                             0 1
31000200012102010853108174     001500001001M. PIERRE LENFANT                                                                 1 0
3200020001RUE DEFACQZ, 26                    7800 ATH                                                                        0 0
21000300002102011025422703     0000000000050000010221002500000DON                                                  01022102101 0
2200030000                                                     NOTPROVIDED                        BBRUBEBBXXX        OTHR    1 0
2300030000BE91340057728576                  EURMLLE CHRISTIANE LOUSBERG                                                      0 1
31000300012102011025422703     002500001001MLLE CHRISTIANE LOUSBERG                                                          1 0
3200030001RUE DES GRANDS PRES 86             4032 CHENEE                                                                     0 0
21000400002102010853108142     0000000000010000010221001500000DON MENSUEL                                          01022102101 0
2200040000                                                                                        BBRUBEBB                   1 0
2300040000BE45363169706489                  EURMME FRANCOISE BUREAU                                                          0 1
31000400012102010853108142     001500001001MME FRANCOISE BUREAU                                                              1 0
3200040001OUDE VIERSCHAARSTRAAT 26           9831 DEURLE                                                                     0 0
21000500002102011024483976     0000000000010000010221001500000                                                     01022102101 0
2200050000                                                                                        CPHBBE75                   1 0
2300050000BE09126208606957                  EURM. DECROIX BENJAMIN                                                           0 1
31000500012102011024483976     001500001001M. DECROIX BENJAMIN                                                               1 0
3200050001RUE DES HAUCHIES 59                6010 COUILLET                                                                   0 0
8021250013850069 EUR0BE                  0000000138589220010221                                                                0
9               000027000000000000000000000000245000                                                                           1
