0000020062120005                  L.B.SCLER.PL.ASBL/S.CENTR GEBABEBB   00424264043 00000                                       2
10135250013850069 EUR0BE                  0000000114717140190621L.B.SCLER.PL.ASBL/S.CENTR                                    135
21000100002106201216295988     0000000000100000200621001500000PROJETS 2021-86622                                   20062113501 0
2200010000                                                                                        GEBABEBB                   1 0
2300010000BE86220056911350                  EURROELS ANTOINE                                                                 0 1
31000100012106201216295988     001500001001ROELS ANTOINE                                                                     1 0
3200010001L. DE VRIESSTRAAT 19               2600 ANTWERPEN                                                                  0 0
21000200002106201216295819     0000000000040000200621001500000RUBAN 2021                                           20062113501 0
2200020000                                                                                        GEBABEBB                   1 0
2300020000BE49271073044971                  EURM.MME ROBERT MARTIN                                                           0 1
31000200012106201216295819     001500001001M.MME ROBERT MARTIN                                                               1 0
3200020001AV.DS COMBATTANTS 67               1470 GENAPPE                                                                    0 0
8135250013850069 EUR0BE                  0000000114857140200621                                                                0
9               000012000000000000000000000000140000                                                                           1
