0000005072120005                  L.B.SCLER.PL.ASBL/S.CENTR GEBABEBB   00424264043 00000                                       2
10148250013850069 EUR0BE                  0000000117867640030721L.B.SCLER.PL.ASBL/S.CENTR                                    148
21000100002107050853482964     0000000000150000050721001500000PROJETS 2021-114440                                  05072114801 0
2200010000                                                                                        GKCCBEBB                   1 0
2300010000BE98063899166793                  EURMATHON MICHELE                                                                0 1
31000100012107050853482964     001500001001MATHON MICHELE                                                                    1 0
3200010001CHAUSSEE DE NIVELLES 43            7181 FELUY                                                                      0 0
21000200002107050853482973     0000000000040000050721001500000AMITIES                                              05072114801 0
2200020000                                                                                        BPOTBEB1                   1 0
2300020000BE58000127708479                  EURMLLE RITA MARECHAL                                                            0 1
31000200012107050853482973     001500001001MLLE RITA MARECHAL                                                                1 0
3200020001RUE WIERTZ, 10                     4000 LIEGE                                                                      0 0
21000300002107050853482983     0000000000012500050721001500000                                                     05072114801 0
2200030000                                                                                        BBRUBEBB                   1 0
2300030000BE80310153462877                  EURVANNEROM JADOS JOHAN                                                          0 1
31000300012107050853482983     001500001001VANNEROM JADOS JOHAN                                                              1 0
3200030001RUE HENRI PAUWELS 99               1400 NIVELLES                                                                   0 0
21000400002107050853482931     0000000000010000050721001500000SEP DON MENSUEL PONCHAUX MICHELLE                    05072114801 0
2200040000                                                                                        BPOTBEB1                   1 0
2300040000BE46000074470536                  EURPONCHAUX MICHELLE                                                             0 1
31000400012107050853482931     001500001001PONCHAUX MICHELLE                                                                 1 0
3200040001RUE PIERRE HANS, 59 A1             6040 JUMET                                                                      0 1
31000400022107050853482931     001500001008LIGUE B DE LA SCLEROSE EN PLAQUES                                                 0 1
31000400032107050853482931     001500001009MME PONCHAUX MICHELLE                                                             0 0
21000500002107050853483124     0000000000010000050721001500000                                                     05072114801 0
2200050000                                                                                        CREGBEBB                   1 0
2300050000BE92732029621023                  EURHAEGEMAN BERNADETTE                                                           0 1
31000500012107050853483124     001500001001HAEGEMAN BERNADETTE                                                               1 0
3200050001RUE ROGER HENOCK 1 B48 B           6567 MERBES-LE-CHATEAU                                                          0 0
21000600002107050853483134     0000000000010000050721001500000                                                     05072114801 0
2200060000                                                                                        BPOTBEB1                   1 0
2300060000BE98000118902293                  EURFINET NATACHA                                                                 0 1
31000600012107050853483134     001500001001FINET NATACHA                                                                     1 0
3200060001RUE DU GAZOMETRE(PAC),20           6230 PONT-A-CELLES                                                              0 1
31000600022107050853483134     001500001008LIGUE BELGE SCLEROSE EN                                                           0 1
31000600032107050853483134     001500001009MLLE FINET NATACHA                                                                0 0
21000700002107050957149607     0000000000006000050721001500000DON                                                  05072114801 0
2200070000                                                     054949872                          GEBABEBB                   1 0
2300070000BE51001300640462                  EURME VE J.PONCELET-ERLICHMAN                                                    0 1
31000700012107050957149607     001500001001ME VE J.PONCELET-ERLICHMAN                                                        1 0
3200070001RUE DES CHARDONS 13                1030 SCHAERBEEK                                                                 0 0
21000800002107050853482955     00000000000050000507210015000000444 91317                                           05072114801 0
2200080000                                                                                        GKCCBEBB                   1 0
2300080000BE91063013031276                  EURGODFROID GENEVIEVE                                                            0 1
31000800012107050853482955     001500001001GODFROID GENEVIEVE                                                                1 0
3200080001RUE NEUVE 24                       7040 QUEVY                                                                      0 0
21000900002107050853483036     0000000000005000050721001500000                                                     05072114801 0
2200090000                                                                                        BBRUBEBB                   1 0
2300090000BE96367013866205                  EURM MICHEL SEIDEL                                                               0 1
31000900012107050853483036     001500001001M MICHEL SEIDEL                                                                   1 0
3200090001CHAMPS MORAIS 83                   6880 BERTRIX                                                                    0 0
21001000002107050853483147     0000000000003500050721001500000DON CHANTAL MEUNIER-MELARD                           05072114801 0
2200100000                                                                                        AXABBE22                   1 0
2300100000BE49704042477771                  EURMELARD CHANTAL                                                                0 1
31001000012107050853483147     001500001001MELARD CHANTAL                                                                    1 0
3200100001AV. DE L OBSERVATOI 156 B 62       4000 LIEGE                                                                      0 0
8148250013850069 EUR0BE                  0000000118119640050721                                                                0
9               000056000000000000000000000000252000                                                                           1
