0000028072120005                  L.B.SCLER.PL.ASBL/S.CENTR GEBABEBB   00424264043 00000                                       2
10164250013850069 EUR0BE                  0000000119630390270721L.B.SCLER.PL.ASBL/S.CENTR                                    164
21000100002107280848145571     0000000000060000280721001500000                                                     28072116401 0
2200010000                                                                                        BPOTBEB1                   1 0
2300010000BE11000037010348                  EURM. YVON LEJEUNE                                                               0 1
31000100012107280848145571     001500001001M. YVON LEJEUNE                                                                   1 0
3200010001ALLEE DES HOUX, 16                 4680 OUPEYE                                                                     0 0
21000200002107280956426303     0000000000020000280721001500000AIDE A LA RECHERCHE                                  28072116401 0
2200020000                                                     174992621                          GEBABEBB                   1 0
2300020000BE84240028213159                  EURNEY MONIQUE                                                                   0 1
31000200012107280956426303     001500001001NEY MONIQUE                                                                       1 0
3200020001RUE JULES CLASKIN 16               4460 GRACE-HOLLOGNE                                                             0 0
21000300002107281520408219     0000000000010000280721001500000DON                                                  28072116401 0
2200030000                                                     20210728CEC101003376-005651        KEYTBEBB                   1 0
2300030000BE45651140338289                  EURSTEPHANE FAURE                                                                0 1
31000300012107281520408219     001500001001STEPHANE FAURE                                                                    1 0
3200030001AVENUE DU DOMAINE 185B8            1190 FOREST                                                                     0 0
8164250013850069 EUR0BE                  0000000119720390280721                                                                0
9               000017000000000000000000000000090000                                                                           1
