0000017062120005                  L.B.SCLER.PL.ASBL/S.CENTR GEBABEBB   00424264043 00000                                       2
10132250013850069 EUR0BE                  0000000114268140160621L.B.SCLER.PL.ASBL/S.CENTR                                    132
21000100002106170956309869     00000000001000001706210015000001202 84693                                           17062113201 0
2200010000                                                                                        GEBABEBB                   1 0
2300010000BE19001171741812                  EURBUCHET MARIE-FRANCE                                                           0 1
31000100012106170956309869     001500001001BUCHET MARIE-FRANCE                                                               1 0
3200010001RUE DE BELLEVUE 3 C000             6470 SIVRY-RANCE                                                                0 0
21000200002106170850248805     0000000000050000170621001500000RUBAN 2021                                           17062113201 0
2200020000                                                     6100-20210616-6160306012           BPOTBEB1                   1 0
2300020000BE89000057015485                  EURM. PAUL CARLS                                                                 0 1
31000200012106170850248805     001500001001M. PAUL CARLS                                                                     1 0
3200020001RUE DES ILES, 14                   4970 STAVELOT                                                                   0 0
21000300002106170850248847     0000000000050000170621001500000PROJETS 2021 -75994                                  17062113201 0
2200030000                                                                                        GKCCBEBB                   1 0
2300030000BE24061893337038                  EURHENRY - LALLEMAND                                                             0 1
31000300012106170850248847     001500001001HENRY - LALLEMAND                                                                 1 0
3200030001RUE SAINT-MORT 41                  5351 HAILLOT                                                                    0 0
8132250013850069 EUR0BE                  0000000114468140170621                                                                0
9               000017000000000000000000000000200000                                                                           1
