0000019052120005                  L.B.SCLER.PL.ASBL/S.CENTR GEBABEBB   00424264043 00000                                       2
10108250013850069 EUR0BE                  0000000102767530180521L.B.SCLER.PL.ASBL/S.CENTR                                    108
21000100002105190956432497     0000000000075000180521001500000POUR LA RECHERCHEEN SOUVENIR D'OVIDE CANSELIET       19052110801 0
2200010000                                                                                        GEBABEBB                   1 0
2300010000BE24270046325738                  EURBEUBLET-DERUYVER                                                              0 1
31000100012105190956432497     001500001001BEUBLET-DERUYVER                                                                  1 0
3200010001RUE ROGER BACHELART 2              1460 ITTRE                                                                      0 0
8108250013850069 EUR0BE                  0000000102842530190521                                                                0
9               000007000000000000000000000000075000                                                                           1
