0000020022120005                  L.B.SCLER.PL.ASBL/S.CENTR GEBABEBB   00424264043 00000                                       2
10036250013850069 EUR0BE                  0000000139560720180221L.B.SCLER.PL.ASBL/S.CENTR                                    036
21000100002102200956327457     0000000000020000200221001500000EN SOUVENIR DE JEAN LOUIS THEATRE                    20022103601 0
2200010000                                                                                        GEBABEBB                   1 0
2300010000BE42001199643254                  EURVERSCHOORE MARTINE                                                            0 1
31000100012102200956327457     001500001001VERSCHOORE MARTINE                                                                1 0
3200010001AVENUE DE WINTERBERG 9             1330 RIXENSART                                                                  0 0
8036250013850069 EUR0BE                  0000000139580720200221                                                                0
9               000007000000000000000000000000020000                                                                           1
