0000003072120005                  L.B.SCLER.PL.ASBL/S.CENTR GEBABEBB   00424264043 00000                                       2
10147250013850069 EUR0BE                  0000000117767640020721L.B.SCLER.PL.ASBL/S.CENTR                                    147
21000100002107031101253845     0000000000100000030721001500000RUBAN 2021 V CARO                                    03072114701 0
2200010000                                                                                        GEBABEBB                   1 0
2300010000BE38001491110672                  EURCARO-LOGNOUL-BRASSEUR VALE                                                    0 1
31000100012107031101253845     001500001001CARO-LOGNOUL-BRASSEUR VALE                                                        1 0
3200010001FRAITURE 26                        4140 SPRIMONT                                                                   0 0
8147250013850069 EUR0BE                  0000000117867640030721                                                                0
9               000007000000000000000000000000100000                                                                           1
