0000026072120005                  L.B.SCLER.PL.ASBL/S.CENTR GEBABEBB   00424264043 00000                                       2
10162250013850069 EUR0BE                  0000000119455390250721L.B.SCLER.PL.ASBL/S.CENTR                                    162
21000100002107260853214247     0000000000040000260721001500000RUBAN 2021                                           26072116201 0
2200010000                                                                                        AXABBE22                   1 0
2300010000BE56750633189688                  EURSCHROEDER GISELA                                                              0 1
31000100012107260853214247     001500001001SCHROEDER GISELA                                                                  1 0
3200010001MARKTPLATZ 3                       4700 EUPEN                                                                      0 0
21000200002107260853214330     0000000000040000260721001500000DON                                                  26072116201 0
2200020000                                                                                        DEUTBEBE                   1 0
2300020000BE15611171395030                  EURMME BOUHON MARIE-THERESE                                                      0 1
31000200012107260853214330     001500001001MME BOUHON MARIE-THERESE                                                          1 0
3200020001NACHTEGALENLAAN 39                 1880 KAPELLE-OP-DEN-BOS                                                         0 0
21000300002107260853214286     0000000000005000260721001500000                                                     26072116201 0
2200030000                                                                                        GKCCBEBB                   1 0
2300030000BE30063059875711                  EURVAN RUYMBEKE CARINE                                                           0 1
31000300012107260853214286     001500001001VAN RUYMBEKE CARINE                                                               1 0
3200030001RUE ARTAN 152                      1030 BRUXELLES                                                                  0 0
8162250013850069 EUR0BE                  0000000119540390260721                                                                0
9               000017000000000000000000000000085000                                                                           1
