0000018042120005                  L.B.SCLER.PL.ASBL/S.CENTR GEBABEBB   00424264043 00000                                       2
10078250013850069 EUR0BE                  0000000095510270170421L.B.SCLER.PL.ASBL/S.CENTR                                    078
21000100002104181212217889     0000000000100000180421002500000PROJETS 2021  A LA MEMOIRE DE                        18042107801 0
2200010000                                                     MA FILLE INGRID SEGEBARTH          BBRUBEBBXXX        OTHR    1 0
2300010000BE29310027186964                  EURMME ROSINE ORBAN                                                              0 1
31000100012104181212217889     002500001001MME ROSINE ORBAN                                                                  1 0
3200010001PARC LUXOR 1                       1160 AUDERGHEM                                                                  0 0
21000200002104181216071848     0000000000050000180421001500000PROJETS 2021 90209                                   18042107801 0
2200020000                                                                                        GEBABEBB                   1 0
2300020000BE97210076096249                  EURDERYCK PAUL                                                                   0 1
31000200012104181216071848     001500001001DERYCK PAUL                                                                       1 0
3200020001AVENUE DU BOIS 17                  7090 BRAINE-LE-COMTE                                                            0 0
21000300002104180816107300     0000000000040000180421002500000PROJETS                                              18042107801 0
2200030000                                                     NOTPROVIDED                        BBRUBEBBXXX        OTHR    1 0
2300030000BE70350011000125                  EURMME HEGER PIETTE                                                              0 1
31000300012104180816107300     002500001001MME HEGER PIETTE                                                                  1 0
3200030001AV FACULTE D AGRONOMIE 16          5030 GEMBLOUX                                                                   0 0
8078250013850069 EUR0BE                  0000000095700270180421                                                                0
9               000017000000000000000000000000190000                                                                           1
