0000004012120005                  L.B.SCLER.PL.ASBL/S.CENTR GEBABEBB   00424264043 00000                                       2
10003250013850069 EUR0BE                  0000000137102730030121L.B.SCLER.PL.ASBL/S.CENTR                                    003
21000100002101041903325746     0000000000050000040121001500000COLLET CHRISTIAN - 13, AVENUE OCTAVE MICHOT - 1640 RH04012100301 0
2200010000ODE-SAINT-GENESE                                                                        GEBABEBB                   1 0
2300010000BE13210076405639                  EURCOLLET CHRISTIAN                                                              0 1
31000100012101041903325746     001500001001COLLET CHRISTIAN                                                                  1 0
3200010001AVENUE OCTAVE MICHOT 13            1640 RHODE-SAINT-GENESE                                                         0 0
21000200002101041522125375     0000000000040000040121001500000PATRICK DUVIVIER DON                                 04012100301 0
2200020000                                                     20210104CEC101003235-022045        KEYTBEBB                   1 0
2300020000BE50651160381018                  EURCAULIER - DUVIVIER                                                            0 1
31000200012101041522125375     001500001001CAULIER - DUVIVIER                                                                1 0
3200020001RUE GUSTAVE FIEVET 3B1B            5140 SOMBREFFE                                                                  0 0
21000300002101040849023561     0000000000010000040121001500000                                                     04012100301 0
2200030000                                                                                        CREGBEBB                   1 0
2300030000BE92732029621023                  EURHAEGEMAN BERNADETTE                                                           0 1
31000300012101040849023561     001500001001HAEGEMAN BERNADETTE                                                               1 0
3200030001RUE ROGER HENOCK 1 B48 B           6567 MERBES-LE-CHATEAU                                                          0 0
21000400002101041029071553     0000000000010000040121001500000SEP DON MENSUEL PONCHAUX MICHELLE                    04012100301 0
2200040000                                                                                        BPOTBEB1                   1 0
2300040000BE46000074470536                  EURPONCHAUX MICHELLE                                                             0 1
31000400012101041029071553     001500001001PONCHAUX MICHELLE                                                                 1 0
3200040001RUE PIERRE HANS, 59 A1             6040 JUMET                                                                      0 1
31000400022101041029071553     001500001008LIGUE B DE LA SCLEROSE EN PLAQUES                                                 0 1
31000400032101041029071553     001500001009MME PONCHAUX MICHELLE                                                             0 0
21000500002101041029071704     0000000000010000040121001500000                                                     04012100301 0
2200050000                                                                                        BPOTBEB1                   1 0
2300050000BE98000118902293                  EURFINET NATACHA                                                                 0 1
31000500012101041029071704     001500001001FINET NATACHA                                                                     1 0
3200050001RUE DU GAZOMETRE(PAC),20           6230 PONT-A-CELLES                                                              0 1
31000500022101041029071704     001500001008LIGUE BELGE SCLEROSE EN                                                           0 1
31000500032101041029071704     001500001009MLLE FINET NATACHA                                                                0 0
21000600002101041029071622     0000000000005000040121001500000DON MEMBRE 1302                                      04012100301 0
2200060000                                                                                        BPOTBEB1                   1 0
2300060000BE43000026723601                  EURWARNANTS FRANCINE                                                             0 1
31000600012101041029071622     001500001001WARNANTS FRANCINE                                                                 1 0
3200060001RUE DE PETIT-ROEULX(OB),46         6230 PONT-A-CELLES                                                              0 0
21000700002101041029071605     0000000000003500040121001500000DON CHANTAL MEUNIER-MELARD                           04012100301 0
2200070000                                                                                        AXABBE22                   1 0
2300070000BE49704042477771                  EURMELARD CHANTAL                                                                0 1
31000700012101041029071605     001500001001MELARD CHANTAL                                                                    1 0
3200070001AV. DE L OBSERVATOI 156 B 62       4000 LIEGE                                                                      0 0
8003250013850069 EUR0BE                  0000000137231230040121                                                                0
9               000041000000000000000000000000128500                                                                           1
