0000020042120005                  L.B.SCLER.PL.ASBL/S.CENTR GEBABEBB   00424264043 00000                                       2
10080250013850069 EUR0BE                  0000000096320270190421L.B.SCLER.PL.ASBL/S.CENTR                                    080
21000100002104201623512490     0000000000100000200421002500000PROJETS 2021-102179                                  20042108001 0
2200010000                                                     NOTPROVIDED                        BBRUBEBBXXX        OTHR    1 0
2300010000BE53310106580353                  EURMC ILWRATH SIMONS                                                             0 1
31000100012104201623512490     002500001001MC ILWRATH SIMONS                                                                 1 0
3200010001RUE DES ECOLES 7                   1300 LIMAL                                                                      0 0
21000200002104201746237854     0000000000050000200421001500000DON                                                  20042108001 0
2200020000                                                                                        GEBABEBB                   1 0
2300020000BE04001050891431                  EURFROMONT ANNE                                                                  0 1
31000200012104201746237854     001500001001FROMONT ANNE                                                                      1 0
3200020001AV.DE LA REINE 223                 1000 BRUXELLES                                                                  0 0
21000300002104200848531759     0000000000040000200421001500000PRC)TFTS 2021 - 110041                               20042108001 0
2200030000                                                     6100-20210419-4190301730           BPOTBEB1                   1 0
2300030000BE03000131695684                  EURFLUHR-KESSELER                                                                0 1
31000300012104200848531759     001500001001FLUHR-KESSELER                                                                    1 0
3200030001CHEMIN DE ROUHEID 170              4802 HEUSY                                                                      0 0
21000400002104200848531771     0000000000040000200421001500000PROJETS 2021-116245                                  20042108001 0
2200040000                                                                                        BPOTBEB1                   1 0
2300040000BE07000029543166                  EURMME CATHERINE BLACKS                                                          0 1
31000400012104200848531771     001500001001MME CATHERINE BLACKS                                                              1 0
3200040001CLOS DES CYTISES,8                 1300 WAVRE                                                                      0 0
21000500002104200848531788     0000000000040000200421001500000ATTESTATION FISCALE SVP - MERCI                      20042108001 0
2200050000                                                                                        BPOTBEB1                   1 0
2300050000BE78000095805886                  EURM. JEAN-MARIE PIERRET                                                         0 1
31000500012104200848531788     001500001001M. JEAN-MARIE PIERRET                                                             1 0
3200050001RUE DE L'ANGELIQUE,11              1348 OTTIGNIES-LOUVAIN-LA-NEUVE                                                 0 0
21000600002104200848531604     0000000000010000200421001500000EN SOUVENIR DE VINCENT                               20042108001 0
2200060000                                                                                        GKCCBEBB                   1 0
2300060000BE07063957228266                  EURGRIFFE GENEVIEVE                                                              0 1
31000600012104200848531604     001500001001GRIFFE GENEVIEVE                                                                  1 0
3200060001RUE DE SELYS 33                    4053 EMBOURG                                                                    0 0
8080250013850069 EUR0BE                  0000000096600270200421                                                                0
9               000032000000000000000000000000280000                                                                           1
