0000030062120005                  L.B.SCLER.PL.ASBL/S.CENTR GEBABEBB   00424264043 00000                                       2
10144250013850069 EUR0BE                  0000000117234140290621L.B.SCLER.PL.ASBL/S.CENTR                                    144
21000100002106300852201612     0000000000200000300621001500000PROJETS 2021-114503                                  30062114401 0
2200010000                                                     6100-20210629-6290310033           BPOTBEB1                   1 0
2300010000BE62000112322461                  EURM. HENRI GERARD                                                               0 1
31000100012106300852201612     001500001001M. HENRI GERARD                                                                   1 0
3200010001RUE DES SEPT BONNIERS,80           4684 OUPEYE                                                                     0 0
21000200002106300852201625     0000000000100000300621001500000EN SOUVENIR DE MADELEINE BARBETTE                    30062114401 0
2200020000                                                                                        GKCCBEBB                   1 0
2300020000BE46063957021536                  EURBARBETTE ISABELLE                                                             0 1
31000200012106300852201625     001500001001BARBETTE ISABELLE                                                                 1 0
3200020001TERRA 3 A                          4990 LIERNEUX                                                                   0 0
21000300002106300852201634     0000000000050000300621001500000ATT FISC MERCI                                       30062114401 0
2200030000                                                                                        GKCCBEBB                   1 0
2300030000BE56799517765588                  EURBOUCHE CHRISTINE                                                              0 1
31000300012106300852201634     001500001001BOUCHE CHRISTINE                                                                  1 0
3200030001RUE NEUVE 3                        4210 BURDINNE                                                                   0 0
21000400002106300852201590     0000000000005000300621001500000                                                     30062114401 0
2200040000                                                                                        BBRUBEBB                   1 0
2300040000BE45363169706489                  EURMME FRANCOISE BUREAU                                                          0 1
31000400012106300852201590     001500001001MME FRANCOISE BUREAU                                                              1 0
3200040001OUDE VIERSCHAARSTRAAT 26           9831 DEURLE                                                                     0 0
21000500002106300957261352     00000000000050003006210015000001802 115218                                          30062114401 0
2200050000                                                     173340332                          GEBABEBB                   1 0
2300050000BE95144056151158                  EURNANIOT CHRISTIAN                                                              0 1
31000500012106300957261352     001500001001NANIOT CHRISTIAN                                                                  1 0
3200050001RUE FETIS 26 402                   5500 DINANT                                                                     0 0
21000600002106300957261479     0000000000005000300621001500000                                                     30062114401 0
2200060000                                                     118113682                          GEBABEBB                   1 0
2300060000BE74210080476407                  EURDUBRULLE PIERRE                                                               0 1
31000600012106300957261479     001500001001DUBRULLE PIERRE                                                                   1 0
3200060001AVENUE VAN SEVER 74                1970 WEZEMBEEK-OPPEM                                                            0 0
8144250013850069 EUR0BE                  0000000117599140300621                                                                0
9               000032000000000000000000000000365000                                                                           1
