0000024042120005                  L.B.SCLER.PL.ASBL/S.CENTR GEBABEBB   00424264043 00000                                       2
10084250013850069 EUR0BE                  0000000097370270230421L.B.SCLER.PL.ASBL/S.CENTR                                    084
21000100002104241431312852     0000000000050000240421001500000                                                     24042108401 0
2200010000                                                                                        GEBABEBB                   1 0
2300010000BE64210043620952                  EURDELMELLE PIERRE                                                               0 1
31000100012104241431312852     001500001001DELMELLE PIERRE                                                                   1 0
3200010001LINDENBERG 10                      1200 WOLUWE-SAINT-LAMBERT                                                       0 0
21000200002104241902320262     0000000000040000240421001500000PROJETS 2021-110268                                  24042108401 0
2200020000                                                                                        GEBABEBB                   1 0
2300020000BE34210083967090                  EURLEROY-MAASSEN                                                                 0 1
31000200012104241902320262     001500001001LEROY-MAASSEN                                                                     1 0
3200020001AV. G.-E. LEBON 152 2              1160 AUDERGHEM                                                                  0 0
8084250013850069 EUR0BE                  0000000097460270240421                                                                0
9               000012000000000000000000000000090000                                                                           1
