0000008032120005                  L.B.SCLER.PL.ASBL/S.CENTR GEBABEBB   00424264043 00000                                       2
10049250013850069 EUR0BE                  0000000091100720070321L.B.SCLER.PL.ASBL/S.CENTR                                    049
21000100002103081029267034     0000000000060000080321001500000SOUTIEN 2021                                         08032104901 0
2200010000                                                                                        GKCCBEBB                   1 0
2300010000BE85063106018106                  EURGALLET GILBERT                                                                0 1
31000100012103081029267034     001500001001GALLET GILBERT                                                                    1 0
3200010001DONKERSTRAAT 25                    1650 BEERSEL                                                                    0 0
21000200002103081029267065     00000000000500000803210015000002002-116900                                          08032104901 0
2200020000                                                                                        GKCCBEBB                   1 0
2300020000BE24063960591338                  EURMOSSOUX SUZANNE                                                               0 1
31000200012103081029267065     001500001001MOSSOUX SUZANNE                                                                   1 0
3200020001QUAI DE LA BOVERIE 3/61            4020 LIEGE                                                                      0 0
21000300002103081000193259     0000000000040000080321002500000PARTICIPATION DE 2021                                08032104901 0
2200030000                                                     NOTPROVIDED                        BBRUBEBBXXX        OTHR    1 0
2300030000BE42370103738254                  EURMME NICOLE PITTOMVILS                                                         0 1
31000300012103081000193259     002500001001MME NICOLE PITTOMVILS                                                             1 0
3200030001RUE DES VERTES HAIES 6             1400 NIVELLES                                                                   0 0
21000400002103081029267011     00000000000400000803210015000002002114367                                           08032104901 0
2200040000                                                                                        GKCCBEBB                   1 0
2300040000BE21063040523403                  EURMOUCHARTE GHISLAINE                                                           0 1
31000400012103081029267011     001500001001MOUCHARTE GHISLAINE                                                               1 0
3200040001AVENUE BRUGMANN 328/12             1180 BRUXELLES                                                                  0 0
21000500002103081029266778     0000000000013000080321001500000AURELIE MONCHAUX                                     08032104901 0
2200050000                                                     I65V21065L005247                   CTBKBEBX                   1 0
2300050000BE41950122683410                  EURM JEAN MONCHAUX                                                               0 1
31000500012103081029266778     001500001001M JEAN MONCHAUX                                                                   1 0
3200050001RUE DE LA CENSE AU BOIS 11         7800 ATH                                                                        0 0
21000600002103080848284481     0000000000005000080321001500000DON                                                  08032104901 0
2200060000                                                                                        BPOTBEB1                   1 0
2300060000BE07000126572266                  EURALMER RUDOLF                                                                  0 1
31000600012103080848284481     001500001001ALMER RUDOLF                                                                      1 0
3200060001RUE TOUT VA BIEN, 98               4420 SAINT-NICOLAS                                                              0 1
31000600022103080848284481     001500001008LIGUE BELGE DE LA SCLA ROSE EN PLAQU                                              0 1
31000600032103080848284481     001500001009ALMER RUDOLF                                                                      0 0
21000700002103081029266974     1000000000770000080321001010000DECES MONSIEUR HANNON                                08032104901 0
2200070000                                                     202103041635334864ISABEL           GEBABEBB                   1 0
2300070000BE60240036100370                  EURASBL LBSP / SECTION LIEGE                                                     0 1
31000700012103081029266974     001010001001ASBL LBSP / SECTION LIEGE                                                         1 0
3200070001RUE DES LINOTTES 6                 5100 NANINNE                                                                    0 0
8049250013850069 EUR0BE                  0000000090538720080321                                                                0
9               000039000000000770000000000000208000                                                                           1
