0000002082120005                  L.B.SCLER.PL.ASBL/S.CENTR GEBABEBB   00424264043 00000                                       2
10168250013850069 EUR0BE                  0000000119879210310721L.B.SCLER.PL.ASBL/S.CENTR                                    168
21000100002108021518153207     0000000000100000020821001500000DON                                SAUSSEZ MICHELLE  02082116801 0
2200010000                 RUE PLANCHE A L'AULNE 3 7370 DOUR                                      BBRUBEBB                   1 0
2300010000BE05377049144075                  EURMME MICHELLE SAUSSEZ                                                          0 1
31000100012108021518153207     001500001001MME MICHELLE SAUSSEZ                                                              1 0
3200010001RUE PLANCHE A L AULNE 3            7370 DOUR                                                                       0 0
21000200002108020854532673     0000000000080000020821001500000DON-2021                                             02082116801 0
2200020000                                                                                        GKCCBEBB                   1 0
2300020000BE83799515643615                  EURPIRMEZ PIERRE                                                                 0 1
31000200012108020854532673     001500001001PIRMEZ PIERRE                                                                     1 0
3200020001RUE DE MONS 67                     6030 MARCHIENNE-AU-PONT                                                         0 0
21000300002108020854532589     0000000000050000020821001500000RUBAN2021                                            02082116801 0
2200030000                                                                                        ARSPBE22                   1 0
2300030000BE55973116692044                  EURAVERILL - VANORMELINGEN                                                       0 1
31000300012108020854532589     001500001001AVERILL - VANORMELINGEN                                                           1 0
3200030001RUE DE GAURRE 1                    5300 THON                                                                       0 0
21000400002108020936083121     0000000000040000020821002500000PROJETS 2021 -86772                                  02082116801 0
2200040000                                                     NOTPROVIDED                        BBRUBEBBXXX        OTHR    1 0
2300040000BE83370089126115                  EURMLLE BRIGITTE SCHREVENS                                                       0 1
31000400012108020936083121     002500001001MLLE BRIGITTE SCHREVENS                                                           1 0
3200040001RUE DU PORTUGAL 9                  7034 MONS OBOURG                                                                0 0
21000500002108020854532684     0000000000005000020821001500000DON MEMBRE 1302                                      02082116801 0
2200050000                                                                                        BPOTBEB1                   1 0
2300050000BE43000026723601                  EURWARNANTS FRANCINE                                                             0 1
31000500012108020854532684     001500001001WARNANTS FRANCINE                                                                 1 0
3200050001RUE DE PETIT-ROEULX(OB),46         6230 PONT-A-CELLES                                                              0 0
21000600002108021518153061     0000000000005000020821001500000DON MENSUEL - MAHIEU CLEMENTINE                      02082116801 0
2200060000                                                     20210802CEC101003379-018174        KEYTBEBB                   1 0
2300060000BE50651195921818                  EURCLEMENTINE EMILIE MAHIEU                                                      0 1
31000600012108021518153061     001500001001CLEMENTINE EMILIE MAHIEU                                                          1 0
3200060001PLACE DES VEAUX DE MARS 2B0021     5030 GEMBLOUX                                                                   0 0
8168250013850069 EUR0BE                  0000000120159210020821                                                                0
9               000032000000000000000000000000280000                                                                           1
