0000011062120005                  L.B.SCLER.PL.ASBL/S.CENTR GEBABEBB   00424264043 00000                                       2
10128250013850069 EUR0BE                  0000000113479640100621L.B.SCLER.PL.ASBL/S.CENTR                                    128
21000100002106110850513771     0000000000050000110621001500000RUBAN2021 DON ZOLR                                   11062112801 0
2200010000                                                     6100-20210610-6100304623           BPOTBEB1                   1 0
2300010000BE82000066044468                  EURM. ANDRE COLLINET                                                             0 1
31000100012106110850513771     001500001001M. ANDRE COLLINET                                                                 1 0
3200010001AVENUE DES GRANDS CHAMPS,20        4802 VERVIERS                                                                   0 0
21000200002106111112011073     0000000000050000110621002500000PROJETS 2021-90918                                   11062112801 0
2200020000                                                     NOTPROVIDED                        BBRUBEBBXXX        OTHR    1 0
2300020000BE50363144188318                  EURMME FRANCOISE FONTAINE                                                        0 1
31000200012106111112011073     002500001001MME FRANCOISE FONTAINE                                                            1 0
3200020001AV KERSBEEK 252                    1190 FOREST                                                                     0 0
21000300002106110850513748     0000000000040000110621001500000RUBAN 2021                                           11062112801 0
2200030000                                                                                        GKCCBEBB                   1 0
2300030000BE86062332981050                  EURDE RADIGUES DE CHENNEVIERE                                                    0 1
31000300012106110850513748     001500001001DE RADIGUES DE CHENNEVIERE                                                        1 0
3200030001CHATEAU D'ANDOY 88                 5100 WIERDE                                                                     0 0
21000400002106110850513760     0000000000010000110621001500000DON                                                  11062112801 0
2200040000                                                                                        GKCCBEBB                   1 0
2300040000BE06792508548622                  EURCURRERI CALOGERO                                                              0 1
31000400012106110850513760     001500001001CURRERI CALOGERO                                                                  1 0
3200040001RUE DE LA HAXHE 16                 4680 OUPEYE                                                                     0 0
21000500002106110850513784     0000000000010000110621001500000DON                                                  11062112801 0
2200050000                                                                                        GKCCBEBB                   1 0
2300050000BE36063994109181                  EURLIENARD LAURENCE                                                              0 1
31000500012106110850513784     001500001001LIENARD LAURENCE                                                                  1 0
3200050001RUE DU CHAINIA 86                  5081 MEUX                                                                       0 0
21000600002106110850513723     0000000000005000110621001500000                                                     11062112801 0
2200060000                                                                                        GKCCBEBB                   1 0
2300060000BE13063127342039                  EURLEMPEREUR - BRUWIER                                                           0 1
31000600012106110850513723     001500001001LEMPEREUR - BRUWIER                                                               1 0
3200060001LE HAUMONT 15                      4650 HERVE                                                                      0 0
21000700002106111519062967     0000000000005000110621001500000RUBAN 2021                                           11062112801 0
2200070000                                                                                        BBRUBEBB                   1 0
2300070000BE70371006650125                  EURM SERGIO CORAZZI                                                              0 1
31000700012106111519062967     001500001001M SERGIO CORAZZI                                                                  1 0
3200070001RUE DE L INDUSTRIE 69              7134 RESSAIX                                                                    0 0
8128250013850069 EUR0BE                  0000000113649640110621                                                                0
9               000037000000000000000000000000170000                                                                           1
