0000003012120005                  L.B.SCLER.PL.ASBL/S.CENTR GEBABEBB   00424264043 00000                                       2
10002250013850069 EUR0BE                  0000000137052730010121L.B.SCLER.PL.ASBL/S.CENTR                                    002
21000100002101031252041915     0000000000050000030121002500000DON 2021                                             03012100201 0
2200010000                                                     NOTPROVIDED                        BBRUBEBBXXX        OTHR    1 0
2300010000BE36363021673981                  EURDE GELAS                                                                      0 1
31000100012101031252041915     002500001001DE GELAS                                                                          1 0
3200010001WATERPOEL 79                       1652 ALSEMBERG                                                                  0 0
8002250013850069 EUR0BE                  0000000137102730030121                                                                0
9               000007000000000000000000000000050000                                                                           1
