0000007082120005                  L.B.SCLER.PL.ASBL/S.CENTR GEBABEBB   00424264043 00000                                       2
10173250013850069 EUR0BE                  0000000124174210060821L.B.SCLER.PL.ASBL/S.CENTR                                    173
21000100002108062257034010     0000000000100000060821002500000EN SOUVENIR DE PATRICK GILLARDIN                     07082117301 0
2200010000                                                     NOTPROVIDED                        BBRUBEBBXXX        OTHR    1 0
2300010000BE97360111098449                  EURM BENOIT GILLARD                                                              0 1
31000100012108062257034010     002500001001M BENOIT GILLARD                                                                  1 0
3200010001RUE DU PARC 2/A                    6870 SAINT-HUBERT                                                               0 0
21000200002108070956587681     0000000000040000070821001500000EN SOUVENIR DE PATRICK GILLARDIN. ATTESTATION FISCALE07082117301 0
2200020000 SOUHAITEE                                                                              GEBABEBB                   1 0
2300020000BE22001111294947                  EURHUVELLE-ZALESKI                                                               0 1
31000200012108070956587681     001500001001HUVELLE-ZALESKI                                                                   1 0
3200020001RUE DE LA FONTAINE 6               6724 HABAY                                                                      0 0
21000300002108062144429192     0000000000025000060821002500000EN SOUVENIR DE PATRICK GILLARDIN                     07082117301 0
2200030000                                                     NOTPROVIDED                        BBRUBEBBXXX        OTHR    1 0
2300030000BE17310077176421                  EURMLLE CAROLINE AUDENAERT                                                       0 1
31000300012108062144429192     002500001001MLLE CAROLINE AUDENAERT                                                           1 0
3200030001CH ROOSEVELT 131                   4540 AMAY                                                                       0 0
21000400002108070956587550     0000000000025000060821001500000EN SOUVENIR DE PATRICK GILLARDIN                     07082117301 0
2200040000                                                                                        GEBABEBB                   1 0
2300040000BE46001343308136                  EURETIENNE DELPHINE                                                              0 1
31000400012108070956587550     001500001001ETIENNE DELPHINE                                                                  1 0
3200040001PLEIN VENT 34                      6800 LIBRAMONT-CHEVIGNY                                                         0 0
21000500002108070956587618     0000000000025000060821001500000EN SOUVENIR DE PATRICK GILLARDIN                     07082117301 0
2200050000                                                                                        GEBABEBB                   1 0
2300050000BE81001290199424                  EURDUROISIN DELPHINE                                                             0 1
31000500012108070956587618     001500001001DUROISIN DELPHINE                                                                 1 0
3200050001RUE DES ECOLIERS 17                6860 LEGLISE                                                                    0 0
21000600002108070956587638     0000000000020000070821001500000MATHS FRANCINE                                       07082117301 0
2200060000                                                     174883106                          GEBABEBB                   1 0
2300060000BE64001130161952                  EURMATHYS FRANCINE                                                               0 1
31000600012108070956587638     001500001001MATHYS FRANCINE                                                                   1 0
3200060001RUE DE METTET 114 0021             5620 FLORENNES                                                                  0 0
21000700002108070956587662     0000000000010000070821001500000                                                     07082117301 0
2200070000                                                     174619255                          GEBABEBB                   1 0
2300070000BE43001311973601                  EURUDA CARLA                                                                     0 1
31000700012108070956587662     001500001001UDA CARLA                                                                         1 0
3200070001RUE GENERAL LEMAN 82 000-A         6044 CHARLEROI                                                                  0 0
8173250013850069 EUR0BE                  0000000124419210070821                                                                0
9               000037000000000000000000000000245000                                                                           1
