0000025042120005                  L.B.SCLER.PL.ASBL/S.CENTR GEBABEBB   00424264043 00000                                       2
10085250013850069 EUR0BE                  0000000097460270240421L.B.SCLER.PL.ASBL/S.CENTR                                    085
21000100002104251900291503     0000000000150000250421002500000PROJETS 2021-83347                                   25042108501 0
2200010000                                                     NOTPROVIDED                        CREGBEBBXXX                1 0
2300010000BE52196022994109                  EURDE MARNEFFE BAUDOUIN                                                          0 1
31000100012104251900291503     002500001001DE MARNEFFE BAUDOUIN                                                              1 0
3200010001R. GENERAL CH.COLLYNS48            4000 LIEGE                                                                      0 0
21000200002104251101224194     0000000000040000250421001500000POUR LA RECHERCHE EN SOUVENIR D'OVIDE CANSELIET      25042108501 0
2200020000                                                                                        GEBABEBB                   1 0
2300020000BE28001073132420                  EURFAUQUET DANIEL                                                                0 1
31000200012104251101224194     001500001001FAUQUET DANIEL                                                                    1 0
3200020001CHEMIN DE MALMAISON 1              7904 LEUZE-EN-HAINAUT                                                           0 0
21000300002104251532132299     0000000000040000250421002500000PROJETS 2021 - 82688                                 25042108501 0
2200030000                                                     NOTPROVIDED                        BBRUBEBBXXX        OTHR    1 0
2300030000BE47377070620380                  EURM GUIDO BUSU                                                                  0 1
31000300012104251532132299     002500001001M GUIDO BUSU                                                                      1 0
3200030001RUE DE L'OLIVE 17 B0102            7100 LA LOUVIERE                                                                0 0
21000400002104250956582757     0000000000005000250421001500000ORDRE PERMANENT                    EXONERATION       25042108501 0
2200040000                                                     170040849                          GEBABEBB                   1 0
2300040000BE93001014432767                  EURBOEMBEKE JEAN-MARIE                                                           0 1
31000400012104250956582757     001500001001BOEMBEKE JEAN-MARIE                                                               1 0
3200040001RUE FRECHE 7                       6000 CHARLEROI                                                                  0 0
21000500002104250956582932     0000000000005000250421001500000115564 PROJET 2021                                   25042108501 0
2200050000                                                     174964302                          GEBABEBB                   1 0
2300050000BE13210069033639                  EURHENRI F.PETIT                                                                 0 1
31000500012104250956582932     001500001001HENRI F.PETIT                                                                     1 0
3200050001R. GARE DE RAMILLIES 33            1367 RAMILLIES                                                                  0 0
8085250013850069 EUR0BE                  0000000097700270250421                                                                0
9               000027000000000000000000000000240000                                                                           1
