0000007032120005                  L.B.SCLER.PL.ASBL/S.CENTR GEBABEBB   00424264043 00000                                       2
10048250013850069 EUR0BE                  0000000091050720060321L.B.SCLER.PL.ASBL/S.CENTR                                    048
21000100002103070956406812     0000000000020000070321001500000MATHS FRANCINE                                       07032104801 0
2200010000                                                     174883106                          GEBABEBB                   1 0
2300010000BE64001130161952                  EURMATHYS FRANCINE                                                               0 1
31000100012103070956406812     001500001001MATHYS FRANCINE                                                                   1 0
3200010001RUE DE METTET 114 0021             5620 FLORENNES                                                                  0 0
21000200002103070956406836     0000000000020000070321001500000DON                                                  07032104801 0
2200020000                                                     174901108                          GEBABEBB                   1 0
2300020000BE58240017011679                  EURLEMESTREZ ANDRE                                                               0 1
31000200012103070956406836     001500001001LEMESTREZ ANDRE                                                                   1 0
3200020001RUE DES AMERICAINS 10 0001         4432 ANS                                                                        0 0
21000300002103070956406689     0000000000010000070321001500000                                                     07032104801 0
2200030000                                                     174619255                          GEBABEBB                   1 0
2300030000BE43001311973601                  EURUDA CARLA                                                                     0 1
31000300012103070956406689     001500001001UDA CARLA                                                                         1 0
3200030001RUE GENERAL LEMAN 82 000-A         6044 CHARLEROI                                                                  0 0
8048250013850069 EUR0BE                  0000000091100720070321                                                                0
9               000017000000000000000000000000050000                                                                           1
