0000029052120005                  L.B.SCLER.PL.ASBL/S.CENTR GEBABEBB   00424264043 00000                                       2
10115250013850069 EUR0BE                  0000000104897520280521L.B.SCLER.PL.ASBL/S.CENTR                                    115
21000100002105291216087734     0000000000100000290521001500000RUBAN2021                                            29052111501 0
2200010000                                                                                        GEBABEBB                   1 0
2300010000BE68248013522234                  EURPOLIS RENE                                                                    0 1
31000100012105291216087734     001500001001POLIS RENE                                                                        1 0
3200010001AVENUE CLEMENTINE 40               4900 SPA                                                                        0 0
21000200002105290957068782     0000000000050000290521001500000EN SOUVENIR DE CLAUDE                                29052111501 0
2200020000                                                                                        GEBABEBB                   1 0
2300020000BE54001043448497                  EURAROCA Y LABERNIA MANUEL                                                       0 1
31000200012105290957068782     001500001001AROCA Y LABERNIA MANUEL                                                           1 0
3200020001RUE DU TROIS JUIN 246              4040 HERSTAL                                                                    0 0
21000300002105291431063067     00000000000500002905210015000000902-112852                                          29052111501 0
2200030000                                                                                        GEBABEBB                   1 0
2300030000BE68001286562934                  EURCLAEYS-LECUIT                                                                 0 1
31000300012105291431063067     001500001001CLAEYS-LECUIT                                                                     1 0
3200030001RUE DU ZEPHYR 56                   1200 WOLUWE-SAINT-LAMBERT                                                       0 0
21000400002105282001118526     0000000000040000280521002500000                                                     29052111501 0
2200040000                                                     PROJET 2021-117899                 BBRUBEBBXXX        OTHR    1 0
2300040000BE31377116266055                  EURDAVID ROUSSEAUX                                                               0 1
31000400012105282001118526     002500001001DAVID ROUSSEAUX                                                                   1 0
3200040001LE SART 18/2                       6840 NEUFCHATEAU                                                                0 0
21000500002105291014595095     0000000000010000290521002500000                                                     29052111501 0
2200050000                                                     NOTPROVIDED                        CREGBEBBXXX                1 0
2300050000BE84732014463559                  EURABEL-FOULON M + B                                                             0 1
31000500012105291014595095     002500001001ABEL-FOULON M + B                                                                 1 0
3200050001CHEMIN DE MAROELLES 1              6530 THUIN                                                                      0 0
8115250013850069 EUR0BE                  0000000105147520290521                                                                0
9               000027000000000000000000000000250000                                                                           1
