0000025032120005                  L.B.SCLER.PL.ASBL/S.CENTR GEBABEBB   00424264043 00000                                       2
10060250013850069 EUR0BE                  0000000091204720240321L.B.SCLER.PL.ASBL/S.CENTR                                    060
21000100002103250850039979     0000000000072000250321001500000DON 2021 PROJETS113004                               25032106001 0
2200010000                                                                                        BPOTBEB1                   1 0
2300010000BE04000097313531                  EURM. PIERRE DETRIXHE                                                            0 1
31000100012103250850039979     001500001001M. PIERRE DETRIXHE                                                                1 0
3200010001RUE DE HALLEMBAYE, 13              4690 BASSENGE                                                                   0 0
21000200002103251902344927     0000000000057300250321001500000DON                                                  25032106001 0
2200020000                                                                                        GEBABEBB                   1 0
2300020000BE38271043062372                  EURDU PARC LOCMARIA DU PARC P                                                    0 1
31000200012103251902344927     001500001001DU PARC LOCMARIA DU PARC P                                                        1 0
3200020001MAISONCELLE 2                      5560 HOUYET                                                                     0 0
21000300002103250957032491     0000000000005000250321001500000ORDRE PERMANENT                    EXONERATION       25032106001 0
2200030000                                                     170040849                          GEBABEBB                   1 0
2300030000BE93001014432767                  EURBOEMBEKE JEAN-MARIE                                                           0 1
31000300012103250957032491     001500001001BOEMBEKE JEAN-MARIE                                                               1 0
3200030001RUE FRECHE 7                       6000 CHARLEROI                                                                  0 0
21000400002103250957032538     0000000000005000250321001500000115564 PROJET 2021                                   25032106001 0
2200040000                                                     174964302                          GEBABEBB                   1 0
2300040000BE13210069033639                  EURHENRI F.PETIT                                                                 0 1
31000400012103250957032538     001500001001HENRI F.PETIT                                                                     1 0
3200040001R. GARE DE RAMILLIES 33            1367 RAMILLIES                                                                  0 0
8060250013850069 EUR0BE                  0000000091344020250321                                                                0
9               000022000000000000000000000000139300                                                                           1
