0000004032120005                  L.B.SCLER.PL.ASBL/S.CENTR GEBABEBB   00424264043 00000                                       2
10045250013850069 EUR0BE                  0000000091007720030321L.B.SCLER.PL.ASBL/S.CENTR                                    045
21000100002103040848483832     0000000000010000040321001500000SEP DON MENSUEL PONCHAUX MICHELLE                    04032104501 0
2200010000                                                                                        BPOTBEB1                   1 0
2300010000BE46000074470536                  EURPONCHAUX MICHELLE                                                             0 1
31000100012103040848483832     001500001001PONCHAUX MICHELLE                                                                 1 0
3200010001RUE PIERRE HANS, 59 A1             6040 JUMET                                                                      0 1
31000100022103040848483832     001500001008LIGUE B DE LA SCLEROSE EN PLAQUES                                                 0 1
31000100032103040848483832     001500001009MME PONCHAUX MICHELLE                                                             0 0
21000200002103040848483867     0000000000005500040321001500000DON                                                  04032104501 0
2200020000                                                                                        GKCCBEBB                   1 0
2300020000BE88063172689741                  EURCERVELLIN SOPHIE                                                              0 1
31000200012103040848483867     001500001001CERVELLIN SOPHIE                                                                  1 0
3200020001CHAUSSEE DE GILLY 125/1            6043 RANSART                                                                    0 0
8045250013850069 EUR0BE                  0000000091023220040321                                                                0
9               000014000000000000000000000000015500                                                                           1
