0000006042120005                  L.B.SCLER.PL.ASBL/S.CENTR GEBABEBB   00424264043 00000                                       2
10069250013850069 EUR0BE                  0000000092022520050421L.B.SCLER.PL.ASBL/S.CENTR                                    069
21000100002104060854519438     00000000000600000604210015000002002 - 88354                                         06042106901 0
2200010000                                                     6100-20210401-4010301512           BPOTBEB1                   1 0
2300010000BE03000128252184                  EURM. FRANCIS BODSON                                                             0 1
31000100012104060854519438     001500001001M. FRANCIS BODSON                                                                 1 0
3200010001RUE D'ANTHISNES, 29                4171 COMBLAIN-AU-PONT                                                           0 0
21000200002104060854519485     0000000000060000060421001500000                                                     06042106901 0
2200020000                                                                                        BPOTBEB1                   1 0
2300020000BE11000037010348                  EURM. YVON LEJEUNE                                                               0 1
31000200012104060854519485     001500001001M. YVON LEJEUNE                                                                   1 0
3200020001ALLEE DES HOUX, 16                 4680 OUPEYE                                                                     0 0
21000300002104060854519279     0000000000010000060421001500000                                                     06042106901 0
2200030000                                                                                        BPOTBEB1                   1 0
2300030000BE98000118902293                  EURFINET NATACHA                                                                 0 1
31000300012104060854519279     001500001001FINET NATACHA                                                                     1 0
3200030001RUE DU GAZOMETRE(PAC),20           6230 PONT-A-CELLES                                                              0 1
31000300022104060854519279     001500001008LIGUE BELGE SCLEROSE EN                                                           0 1
31000300032104060854519279     001500001009MLLE FINET NATACHA                                                                0 0
21000400002104060854519288     0000000000010000060421001500000SOUVENIR FANARD PATRICE                              06042106901 0
2200040000                                                                                        GKCCBEBB                   1 0
2300040000BE65062462888096                  EURMOSSOUX CHRISTIANE                                                            0 1
31000400012104060854519288     001500001001MOSSOUX CHRISTIANE                                                                1 0
3200040001QUAI DE LA BOVERIE 3/24            4020 LIEGE                                                                      0 0
21000500002104060854519297     0000000000010000060421001500000SEP DON MENSUEL PONCHAUX MICHELLE                    06042106901 0
2200050000                                                                                        BPOTBEB1                   1 0
2300050000BE46000074470536                  EURPONCHAUX MICHELLE                                                             0 1
31000500012104060854519297     001500001001PONCHAUX MICHELLE                                                                 1 0
3200050001RUE PIERRE HANS, 59 A1             6040 JUMET                                                                      0 1
31000500022104060854519297     001500001008LIGUE B DE LA SCLEROSE EN PLAQUES                                                 0 1
31000500032104060854519297     001500001009MME PONCHAUX MICHELLE                                                             0 0
21000600002104060854519350     0000000000010000060421001500000                                                     06042106901 0
2200060000                                                                                        CREGBEBB                   1 0
2300060000BE92732029621023                  EURHAEGEMAN BERNADETTE                                                           0 1
31000600012104060854519350     001500001001HAEGEMAN BERNADETTE                                                               1 0
3200060001RUE ROGER HENOCK 1 B48 B           6567 MERBES-LE-CHATEAU                                                          0 0
21000700002104060854519247     0000000000005000060421001500000DON                                                  06042106901 0
2200070000                                                                                        BPOTBEB1                   1 0
2300070000BE07000126572266                  EURALMER RUDOLF                                                                  0 1
31000700012104060854519247     001500001001ALMER RUDOLF                                                                      1 0
3200070001RUE TOUT VA BIEN, 98               4420 SAINT-NICOLAS                                                              0 1
31000700022104060854519247     001500001008LIGUE BELGE DE LA SCLA ROSE EN PLAQU                                              0 1
31000700032104060854519247     001500001009ALMER RUDOLF                                                                      0 0
21000800002104060854519455     0000000000005000060421001500000DON                                                  06042106901 0
2200080000                                                                                        GKCCBEBB                   1 0
2300080000BE50063940209618                  EURMATHON - PERPETE                                                              0 1
31000800012104060854519455     001500001001MATHON - PERPETE                                                                  1 0
3200080001VENELLE LE PHARE 5/7               1400 NIVELLES                                                                   0 0
21000900002104060854519467     0000000000005000060421001500000DON MEMBRE 1302                                      06042106901 0
2200090000                                                                                        BPOTBEB1                   1 0
2300090000BE43000026723601                  EURWARNANTS FRANCINE                                                             0 1
31000900012104060854519467     001500001001WARNANTS FRANCINE                                                                 1 0
3200090001RUE DE PETIT-ROEULX(OB),46         6230 PONT-A-CELLES                                                              0 0
21001000002104061518299111     0000000000005000060421001500000                                                     06042106901 0
2200100000                                                                                        BBRUBEBB                   1 0
2300100000BE96367013866205                  EURM MICHEL SEIDEL                                                               0 1
31001000012104061518299111     001500001001M MICHEL SEIDEL                                                                   1 0
3200100001CHAMPS MORAIS 83                   6880 BERTRIX                                                                    0 0
21001100002104060958008641     0000000000004000060421001500000                                                     06042106901 0
2200110000                                                     147817868                          GEBABEBB                   1 0
2300110000BE98210076731193                  EURMR ET MME VANHERCK-MAZY                                                       0 1
31001100012104060958008641     001500001001MR ET MME VANHERCK-MAZY                                                           1 0
3200110001RUE CASTOR 6                       1421 BRAINE-L'ALLEUD                                                            0 0
21001200002104060854519499     0000000000003500060421001500000                                                     06042106901 0
2200120000                                                                                        GKCCBEBB                   1 0
2300120000BE29061952335064                  EURCAUDRON NADINE                                                                0 1
31001200012104060854519499     001500001001CAUDRON NADINE                                                                    1 0
3200120001RUE LOUIS LANGLOIS 14              7322 POMMEROEUL                                                                 0 0
8069250013850069 EUR0BE                  0000000092210020060421                                                                0
9               000068000000000000000000000000187500                                                                           1
