0000015022120005                  L.B.SCLER.PL.ASBL/S.CENTR GEBABEBB   00424264043 00000                                       2
10033250013850069 EUR0BE                  0000000139142220130221L.B.SCLER.PL.ASBL/S.CENTR                                    033
21000100002102141947178237     0000000000100000140221002500000EN SOUVENIR DE JEAN-LOUIS THEATRE                    15022103301 0
2200010000                                                     NOTPROVIDED                        KREDBEBBXXX                1 0
2300010000BE92734038743223                  EURFERIRE PASCAL                                                                 0 1
31000100012102141947178237     002500001001FERIRE PASCAL                                                                     1 0
3200010001RAOUL MERCKXSTRAAT 17B             1755 KESTER                                                                     0 0
21000200002102151029234923     0000000000100000150221001500000EN SOUVENIR DE JEAN-LOUIS THEATRE                    15022103301 0
2200020000                                                                                        NICABEBB                   1 0
2300020000BE49850887217871                  EURDHR. ERNEST EDWARDS                                                           0 1
31000200012102151029234923     001500001001DHR. ERNEST EDWARDS                                                               1 0
3200020001GOUVERNEMENTSWEG,136               1950 KRAAINEM                                                                   0 0
21000300002102151029234900     0000000000050000150221001500000EN SOUVENIR DE JEAN-LOUIS THEATRE                    15022103301 0
2200030000                                                                                        NICABEBB                   1 0
2300030000BE69850847661978                  EURMME MARIETTE PESSER                                                           0 1
31000300012102151029234900     001500001001MME MARIETTE PESSER                                                               1 0
3200030001AVENUE DE L'AURORE,4               1330 RIXENSART                                                                  0 0
21000400002102150848095597     0000000000020000150221001500000                                                     15022103301 0
2200040000                                                                                        BBRUBEBB                   1 0
2300040000BE11363137469248                  EURM EDOUARD NIFFLE                                                              0 1
31000400012102150848095597     001500001001M EDOUARD NIFFLE                                                                  1 0
3200040001RUE SUR LA FONTAINE 114            4000 LIEGE                                                                      0 0
21000500002102150957096854     0000000000020000150221001500000                                                     15022103301 0
2200050000                                                     170777949                          GEBABEBB                   1 0
2300050000BE12240057316492                  EURDOUTREWE JEAN                                                                 0 1
31000500012102150957096854     001500001001DOUTREWE JEAN                                                                     1 0
3200050001RUE NOUWEN 21                      4690 BASSENGE                                                                   0 0
21000600002102150957096950     0000000000015000150221001500000DON MENSUEL                                          15022103301 0
2200060000                                                     033868830                          GEBABEBB                   1 0
2300060000BE44001142179545                  EURDE SMEDT-STAS                                                                 0 1
31000600012102150957096950     001500001001DE SMEDT-STAS                                                                     1 0
3200060001I. CROKAERTSTRAAT 280              1731 ASSE                                                                       0 0
21000700002102150957096814     00000000000050001502210015000000502-110412                                          15022103301 0
2200070000                                                     063496306                          GEBABEBB                   1 0
2300070000BE41210012023810                  EURMME ADELE LARSILLE                                                            0 1
31000700012102150957096814     001500001001MME ADELE LARSILLE                                                                1 0
3200070001AV.D'HOMBORCHVELD 88               1180 UCCLE                                                                      0 0
21000800002102150848095686     00000000000035001502210015000001102 - 112815                                        15022103301 0
2200080000                                                                                        BBRUBEBB                   1 0
2300080000BE07310082283166                  EURMME ROSANE BULLMAN                                                            0 1
31000800012102150848095686     001500001001MME ROSANE BULLMAN                                                                1 0
3200080001PARVIS ST PIERRE 12                1180 UCCLE                                                                      0 0
8033250013850069 EUR0BE                  0000000139455720150221                                                                0
9               000042000000000000000000000000313500                                                                           1
