0000020052120005                  L.B.SCLER.PL.ASBL/S.CENTR GEBABEBB   00424264043 00000                                       2
10109250013850069 EUR0BE                  0000000102842530190521L.B.SCLER.PL.ASBL/S.CENTR                                    109
21000100002105200849476468     0000000000050000200521001500000POUR LA RECHERCHE EN SOUVENIR D'OVIDE CANSELIET (HUIS20052110901 0
2200010000SIGNIES)                                                                                BPOTBEB1                   1 0
2300010000BE42000072425654                  EURAMICALE DES ANCIENS                                                           0 1
31000100012105200849476468     001500001001AMICALE DES ANCIENS                                                               1 0
3200010001BD ALBERT-ELISABETH, 2             7000 MONS                                                                       0 0
21000200002105201431244354     0000000000050000200521001500000DON                                                  20052110901 0
2200020000                                                                                        GEBABEBB                   1 0
2300020000BE36001662074081                  EURNOIRHOMME-DELVAULX                                                            0 1
31000200012105201431244354     001500001001NOIRHOMME-DELVAULX                                                                1 0
3200020001AV.D'AUSTERLITZ 10 B202            1410 WATERLOO                                                                   0 0
8109250013850069 EUR0BE                  0000000102942530200521                                                                0
9               000012000000000000000000000000100000                                                                           1
