0000019062120005                  L.B.SCLER.PL.ASBL/S.CENTR GEBABEBB   00424264043 00000                                       2
10134250013850069 EUR0BE                  0000000114667140180621L.B.SCLER.PL.ASBL/S.CENTR                                    134
21000100002106191139499424     0000000000050000190621002500000RUBAN 2021                                           19062113401 0
2200010000                                                     NOTPROVIDED                        CREGBEBBXXX                1 0
2300010000BE52196022994109                  EURDE MARNEFFE BAUDOUIN                                                          0 1
31000100012106191139499424     002500001001DE MARNEFFE BAUDOUIN                                                              1 0
3200010001R. GENERAL CH.COLLYNS48            4000 LIEGE                                                                      0 0
8134250013850069 EUR0BE                  0000000114717140190621                                                                0
9               000007000000000000000000000000050000                                                                           1
