0000012072120005                  L.B.SCLER.PL.ASBL/S.CENTR GEBABEBB   00424264043 00000                                       2
10154250013850069 EUR0BE                  0000000118616890110721L.B.SCLER.PL.ASBL/S.CENTR                                    154
21000100002107120848460486     0000000000005000120721001500000DON MENSUEL                                          12072115401 0
2200010000                                                                                        CPHBBE75                   1 0
2300010000BE16126204505574                  EURM., MME FLABA GIBON ALAIN                                                     0 1
31000100012107120848460486     001500001001M., MME FLABA GIBON ALAIN                                                         1 0
3200010001RUE DE LA GOULETTE 122             6200 BOUFFIOULX                                                                 0 0
8154250013850069 EUR0BE                  0000000118621890120721                                                                0
9               000007000000000000000000000000005000                                                                           1
