0000003062120005                  L.B.SCLER.PL.ASBL/S.CENTR GEBABEBB   00424264043 00000                                       2
10120250013850069 EUR0BE                  0000000107240020020621L.B.SCLER.PL.ASBL/S.CENTR                                    120
21000100002106031431434559     0000000000040000030621001500000RUBAN 2021                                           03062112001 0
2200010000                                                                                        GEBABEBB                   1 0
2300010000BE41210086645910                  EURBARBIEUX MARIE                                                                0 1
31000100012106031431434559     001500001001BARBIEUX MARIE                                                                    1 0
3200010001AV DES VOLONTAIRES 11              1160 AUDERGHEM                                                                  0 0
21000200002106030850168831     0000000000010000030621001500000                                                     03062112001 0
2200020000                                                                                        BPOTBEB1                   1 0
2300020000BE98000118902293                  EURFINET NATACHA                                                                 0 1
31000200012106030850168831     001500001001FINET NATACHA                                                                     1 0
3200020001RUE DU GAZOMETRE(PAC),20           6230 PONT-A-CELLES                                                              0 1
31000200022106030850168831     001500001008LIGUE BELGE SCLEROSE EN                                                           0 1
31000200032106030850168831     001500001009MLLE FINET NATACHA                                                                0 0
21000300002106031019065772     0000000000010000030621001500000                                                     03062112001 0
2200030000                                                                                        CREGBEBB                   1 0
2300030000BE92732029621023                  EURHAEGEMAN BERNADETTE                                                           0 1
31000300012106031019065772     001500001001HAEGEMAN BERNADETTE                                                               1 0
3200030001RUE ROGER HENOCK 1 B48 B           6567 MERBES-LE-CHATEAU                                                          0 0
21000400002106031519197632     0000000000010000030621001500000RUBAN 2021                                           03062112001 0
2200040000                                                                                        BBRUBEBB                   1 0
2300040000BE18360092039565                  EURMLLE GINETTE BLUM                                                             0 1
31000400012106031519197632     001500001001MLLE GINETTE BLUM                                                                 1 0
3200040001RUE ERASME 11                      6001 MARCINELLE                                                                 0 0
21000500002106030850168858     00000000000050000306210015000000444 91317                                           03062112001 0
2200050000                                                                                        GKCCBEBB                   1 0
2300050000BE91063013031276                  EURGODFROID GENEVIEVE                                                            0 1
31000500012106030850168858     001500001001GODFROID GENEVIEVE                                                                1 0
3200050001RUE NEUVE 24                       7040 QUEVY                                                                      0 0
21000600002106030850168709     0000000000003500030621001500000DON CHANTAL MEUNIER-MELARD                           03062112001 0
2200060000                                                                                        AXABBE22                   1 0
2300060000BE49704042477771                  EURMELARD CHANTAL                                                                0 1
31000600012106030850168709     001500001001MELARD CHANTAL                                                                    1 0
3200060001AV. DE L OBSERVATOI 156 B 62       4000 LIEGE                                                                      0 0
8120250013850069 EUR0BE                  0000000107318520030621                                                                0
9               000034000000000000000000000000078500                                                                           1
