0000023042120005                  L.B.SCLER.PL.ASBL/S.CENTR GEBABEBB   00424264043 00000                                       2
10083250013850069 EUR0BE                  0000000097120270220421L.B.SCLER.PL.ASBL/S.CENTR                                    083
21000100002104230855190536     00000000001000002304210015000002021 - 115073                                        23042108301 0
2200010000                                                                                        BBRUBEBB                   1 0
2300010000BE73340018015160                  EURJOSKIN PIRARD                                                                 0 1
31000100012104230855190536     001500001001JOSKIN PIRARD                                                                     1 0
3200010001LARGE VOIE 8                       4633 SOUMAGNE                                                                   0 0
21000200002104230855190610     0000000000050000230421001500000POUR LA RECHERCHE, EN MEMOIRE D'OVIDE CANSELIET      23042108301 0
2200020000                                                                                        BPOTBEB1                   1 0
2300020000BE97000150374349                  EURLECLERCQ-GROYNE                                                               0 1
31000200012104230855190610     001500001001LECLERCQ-GROYNE                                                                   1 0
3200020001RUE MAIFRETTE 2                    7950 HUISSIGNIES                                                                0 0
21000300002104231746300518     0000000000050000230421001500000POUR LA RECHERCHE EN SOUVENIR D'OVIDE CANSELIET      23042108301 0
2200030000                                                                                        GEBABEBB                   1 0
2300030000BE45270022449489                  EURRONSMANS-NOTTEZ                                                               0 1
31000300012104231746300518     001500001001RONSMANS-NOTTEZ                                                                   1 0
3200030001GRAND'RUE 37                       7950 CHIEVRES                                                                   0 0
21000400002104231718073616     0000000000030000230421001500000POUR LA RECHERCHE EN SOUVENIR D OVID CANSELIET       23042108301 0
2200040000                                                                                        AXABBE22                   1 0
2300040000BE60751201016170                  EURFANFARE ROYALE AMIS REUNIS                                                    0 1
31000400012104231718073616     001500001001FANFARE ROYALE AMIS REUNIS                                                        1 0
3200040001RUE DU BOIS DE LENS 8              7950 CHIEVRES                                                                   0 0
21000500002104231433565333     0000000000020000230421001500000POUR LA RECHERCHE EN SOUVENIR D'OVIDE CANSELIER      23042108301 0
2200050000                                                                                        GEBABEBB                   1 0
2300050000BE51270022611662                  EURNOPENAIRE SOLANGE                                                             0 1
31000500012104231433565333     001500001001NOPENAIRE SOLANGE                                                                 1 0
3200050001LA VILLE DU NANT 0                 F-74360 LA CHAPELLE D'ABONDANC                                                  0 0
8083250013850069 EUR0BE                  0000000097370270230421                                                                0
9               000027000000000000000000000000250000                                                                           1
