0000020072120005                  L.B.SCLER.PL.ASBL/S.CENTR GEBABEBB   00424264043 00000                                       2
10160250013850069 EUR0BE                  0000000119235390190721L.B.SCLER.PL.ASBL/S.CENTR                                    160
21000100002107201021373767     0000000000200000200721001500000PROTFTS 2021 - 86640                                 20072116001 0
2200010000                                                     6100-20210719-7190302495           BPOTBEB1                   1 0
2300010000BE96000060315105                  EURMME LYDIE ROMAN                                                               0 1
31000100012107201021373767     001500001001MME LYDIE ROMAN                                                                   1 0
3200010001RUE DU PLIT(A),59                  7910 FRASNES-LEZ-ANVAING                                                        0 0
21000200002107201021373723     0000000000010000200721001500000EN SOUVENIR DE VINCENT                               20072116001 0
2200020000                                                                                        GKCCBEBB                   1 0
2300020000BE07063957228266                  EURGRIFFE GENEVIEVE                                                              0 1
31000200012107201021373723     001500001001GRIFFE GENEVIEVE                                                                  1 0
3200020001RUE DE SELYS 33                    4053 EMBOURG                                                                    0 0
8160250013850069 EUR0BE                  0000000119445390200721                                                                0
9               000012000000000000000000000000210000                                                                           1
