0000024022120005                  L.B.SCLER.PL.ASBL/S.CENTR GEBABEBB   00424264043 00000                                       2
10038250013850069 EUR0BE                  0000000089710720220221L.B.SCLER.PL.ASBL/S.CENTR                                    038
21000100002102240850066577     0000000000005000240221001500000                                                     24022103801 0
2200010000                                                                                        GKCCBEBB                   1 0
2300010000BE30063059875711                  EURVAN RUYMBEKE CARINE                                                           0 1
31000100012102240850066577     001500001001VAN RUYMBEKE CARINE                                                               1 0
3200010001RUE ARTAN 152                      1030 BRUXELLES                                                                  0 0
8038250013850069 EUR0BE                  0000000089715720240221                                                                0
9               000007000000000000000000000000005000                                                                           1
