0000001072120005                  L.B.SCLER.PL.ASBL/S.CENTR GEBABEBB   00424264043 00000                                       2
10145250013850069 EUR0BE                  0000000117599140300621L.B.SCLER.PL.ASBL/S.CENTR                                    145
21000100002107010909342303     0000000000040000010721001500000PROJETS 2021-109891                                  01072114501 0
2200010000                                                                                        GKCCBEBB                   1 0
2300010000BE70061847057025                  EURGABRIEL MARGUERITE                                                            0 1
31000100012107010909342303     001500001001GABRIEL MARGUERITE                                                                1 0
3200010001AVENUE TRIGODET 16                 1401 BAULERS                                                                    0 0
21000200002107011720053616     0000000000030000010721002500000DON                                                  01072114501 0
2200020000                                                     NOTPROVIDED                        BBRUBEBBXXX        OTHR    1 0
2300020000BE91340057728576                  EURMLLE CHRISTIANE LOUSBERG                                                      0 1
31000200012107011720053616     002500001001MLLE CHRISTIANE LOUSBERG                                                          1 0
3200020001RUE DES GRANDS PRES 86             4032 CHENEE                                                                     0 0
21000300002107010909342191     0000000000010000010721001500000                                                     01072114501 0
2200030000                                                                                        CPHBBE75                   1 0
2300030000BE09126208606957                  EURM. DECROIX BENJAMIN                                                           0 1
31000300012107010909342191     001500001001M. DECROIX BENJAMIN                                                               1 0
3200030001RUE DES HAUCHIES 59                6010 COUILLET                                                                   0 0
21000400002107010909342319     0000000000010000010721001500000DON MENSUEL                                          01072114501 0
2200040000                                                                                        BBRUBEBB                   1 0
2300040000BE45363169706489                  EURMME FRANCOISE BUREAU                                                          0 1
31000400012107010909342319     001500001001MME FRANCOISE BUREAU                                                              1 0
3200040001OUDE VIERSCHAARSTRAAT 26           9831 DEURLE                                                                     0 0
21000500002107011746212734     0000000000010000010721001500000DON                                                  01072114501 0
2200050000                                                                                        GEBABEBB                   1 0
2300050000BE70001230796725                  EURSPAUTE CATHERINE                                                              0 1
31000500012107011746212734     001500001001SPAUTE CATHERINE                                                                  1 0
3200050001RUE ADRIEN VICTOR 15               6750 MUSSON                                                                     0 0
8145250013850069 EUR0BE                  0000000117699140010721                                                                0
9               000027000000000000000000000000100000                                                                           1
