0000018012120005                  L.B.SCLER.PL.ASBL/S.CENTR GEBABEBB   00424264043 00000                                       2
10012250013850069 EUR0BE                  0000000137829470150121L.B.SCLER.PL.ASBL/S.CENTR                                    012
21000100002101180852582824     0000000000150000180121001500000                                                     18012101201 0
2200010000                                                                                        BPOTBEB1                   1 0
2300010000BE45000055541489                  EURM. CHARLES DUCHENE                                                            0 1
31000100012101180852582824     001500001001M. CHARLES DUCHENE                                                                1 0
3200010001RUE PAIRIBUCHY, 86                 6890 LIBIN                                                                      0 0
21000200002101180852582858     0000000000025000180121001500000VERSEMENT MENSUEL                                    18012101201 0
2200020000                                                                                        DEUTBEBE                   1 0
2300020000BE64611579224052                  EURM+MME MICHELS - SMEYERS                                                       0 1
31000200012101180852582858     001500001001M+MME MICHELS - SMEYERS                                                           1 0
3200020001BERKENDALLAAN 125                  1800 VILVOORDE                                                                  0 0
21000300002101181028583156     0000000000020000180121001500000                                                     18012101201 0
2200030000                                                                                        NICABEBB                   1 0
2300030000BE44103021580245                  EURLEGRAND - DELBEQUE                                                            0 1
31000300012101181028583156     001500001001LEGRAND - DELBEQUE                                                                1 0
3200030001RUE PIERREUX 5                     4190 XHORIS                                                                     0 1
31000300022101181028583156     001500001008LIGUE BELGE SCLEROSE EN PL                                                        0 0
21000400002101180852582848     00000000000060001801210015000000903-110878                                          18012101201 0
2200040000                                                                                        BPOTBEB1                   1 0
2300040000BE83000067697815                  EURM. WILLY GRAD                                                                 0 1
31000400012101180852582848     001500001001M. WILLY GRAD                                                                     1 0
3200040001RUE DU COMTE(AUV),31               5060 SAMBREVILLE                                                                0 0
8012250013850069 EUR0BE                  0000000138030470180121                                                                0
9               000023000000000000000000000000201000                                                                           1
