0000003082120005                  L.B.SCLER.PL.ASBL/S.CENTR GEBABEBB   00424264043 00000                                       2
10169250013850069 EUR0BE                  0000000120159210020821L.B.SCLER.PL.ASBL/S.CENTR                                    169
21000100002108030905299923     0000000000060000030821002500000PROJETS 2021-111313                                  03082116901 0
2200010000                                                     NOTPROVIDED                        CREGBEBBXXX                1 0
2300010000BE49732664316271                  EURWOUTERS-WARNANT JOHAN + DOMINIQUE                                             0 1
31000100012108030905299923     002500001001WOUTERS-WARNANT JOHAN + DOMINIQUE                                                 1 0
3200010001ALLEE DES FLEURS 14                5000 BEEZ                                                                       0 0
21000200002108031019260910     0000000000020000030821001500000DON : DECES VAN KRUNKELSVEN MARTINE                  03082116901 0
2200020000                                                                                        NICABEBB                   1 0
2300020000BE60103048927070                  EURMME VIRGINIE GILLARDIN                                                        0 1
31000200012108031019260910     001500001001MME VIRGINIE GILLARDIN                                                            1 0
3200020001ROUTE DE BOUILLON,118              6700 ARLON                                                                      0 0
21000300002108030850406558     0000000000010000030821001500000SOUVENIR FANARD PATRICE                              03082116901 0
2200030000                                                                                        GKCCBEBB                   1 0
2300030000BE65062462888096                  EURMOSSOUX CHRISTIANE                                                            0 1
31000300012108030850406558     001500001001MOSSOUX CHRISTIANE                                                                1 0
3200030001QUAI DE LA BOVERIE 3/24            4020 LIEGE                                                                      0 0
21000400002108030850406584     0000000000010000030821001500000                                                     03082116901 0
2200040000                                                                                        BPOTBEB1                   1 0
2300040000BE98000118902293                  EURFINET NATACHA                                                                 0 1
31000400012108030850406584     001500001001FINET NATACHA                                                                     1 0
3200040001RUE DU GAZOMETRE(PAC),20           6230 PONT-A-CELLES                                                              0 1
31000400022108030850406584     001500001008LIGUE BELGE SCLEROSE EN                                                           0 1
31000400032108030850406584     001500001009MLLE FINET NATACHA                                                                0 0
21000500002108031019260837     0000000000010000030821001500000                                                     03082116901 0
2200050000                                                                                        CREGBEBB                   1 0
2300050000BE92732029621023                  EURHAEGEMAN BERNADETTE                                                           0 1
31000500012108031019260837     001500001001HAEGEMAN BERNADETTE                                                               1 0
3200050001RUE ROGER HENOCK 1 B48 B           6567 MERBES-LE-CHATEAU                                                          0 0
21000600002108030850406571     00000000000050000308210015000000444 91317                                           03082116901 0
2200060000                                                                                        GKCCBEBB                   1 0
2300060000BE91063013031276                  EURGODFROID GENEVIEVE                                                            0 1
31000600012108030850406571     001500001001GODFROID GENEVIEVE                                                                1 0
3200060001RUE NEUVE 24                       7040 QUEVY                                                                      0 0
21000700002108030850406595     0000000000005000030821001500000DON                                                  03082116901 0
2200070000                                                                                        GKCCBEBB                   1 0
2300070000BE50063940209618                  EURMATHON - PERPETE                                                              0 1
31000700012108030850406595     001500001001MATHON - PERPETE                                                                  1 0
3200070001VENELLE LE PHARE 5/7               1400 NIVELLES                                                                   0 0
21000800002108030850406222     0000000000003500030821001500000DON CHANTAL MEUNIER-MELARD                           03082116901 0
2200080000                                                                                        AXABBE22                   1 0
2300080000BE49704042477771                  EURMELARD CHANTAL                                                                0 1
31000800012108030850406222     001500001001MELARD CHANTAL                                                                    1 0
3200080001AV. DE L OBSERVATOI 156 B 62       4000 LIEGE                                                                      0 0
21000900002108030850406613     0000000000003500030821001500000                                                     03082116901 0
2200090000                                                                                        GKCCBEBB                   1 0
2300090000BE29061952335064                  EURCAUDRON NADINE                                                                0 1
31000900012108030850406613     001500001001CAUDRON NADINE                                                                    1 0
3200090001RUE LOUIS LANGLOIS 14              7322 POMMEROEUL                                                                 0 0
8169250013850069 EUR0BE                  0000000120286210030821                                                                0
9               000049000000000000000000000000127000                                                                           1
