0000017042120005                  L.B.SCLER.PL.ASBL/S.CENTR GEBABEBB   00424264043 00000                                       2
10077250013850069 EUR0BE                  0000000095210270160421L.B.SCLER.PL.ASBL/S.CENTR                                    077
21000100002104171101317840     0000000000100000170421001500000PROJETS 2021 - 75799                                 17042107701 0
2200010000                                                                                        GEBABEBB                   1 0
2300010000BE50250020479718                  EURTRIGAUX JEAN-PAUL                                                             0 1
31000100012104171101317840     001500001001TRIGAUX JEAN-PAUL                                                                 1 0
3200010001RUE ANTOINE GEMENNE 41             5170 PROFONDEVILLE                                                              0 0
21000200002104171220138601     0000000000100000170421001500000PROJETS 2021 116594                                  17042107701 0
2200020000                                                                                        GEBABEBB                   1 0
2300020000BE42240067885654                  EURDEMARTEAU ANNE                                                                0 1
31000200012104171220138601     001500001001DEMARTEAU ANNE                                                                    1 0
3200020001RUE MATHIEU VANKEER 11             4420 SAINT-NICOLAS                                                              0 0
21000300002104171220138520     000000000005000017042100150000012725                                                17042107701 0
2200030000                                                                                        GEBABEBB                   1 0
2300030000BE07143078915766                  EURROGISTER-HAYEBIN                                                              0 1
31000300012104171220138520     001500001001ROGISTER-HAYEBIN                                                                  1 0
3200030001RUE DES SEMAILLES 27               4030 LIEGE                                                                      0 0
21000400002104171901441264     0000000000050000170421001500000PROJETS 2021 - 96308                                 17042107701 0
2200040000                                                                                        GEBABEBB                   1 0
2300040000BE43001042274801                  EURWAUTELET BENOIT                                                               0 1
31000400012104171901441264     001500001001WAUTELET BENOIT                                                                   1 0
3200040001GRAND-ROUTE 22 N4                  7000 MONS                                                                       0 0
8077250013850069 EUR0BE                  0000000095510270170421                                                                0
9               000022000000000000000000000000300000                                                                           1
