0000025062120005                  L.B.SCLER.PL.ASBL/S.CENTR GEBABEBB   00424264043 00000                                       2
10140250013850069 EUR0BE                  0000000115969140240621L.B.SCLER.PL.ASBL/S.CENTR                                    140
21000100002106250855015116     0000000000050000250621001500000EN SOUVENIR DE MADELEINE BARBETTE                    25062114001 0
2200010000                                                                                        GKCCBEBB                   1 0
2300010000BE88068062741041                  EURLOISIRS ET VOYAGES                                                            0 1
31000100012106250855015116     001500001001LOISIRS ET VOYAGES                                                                1 0
3200010001AMICALE                            4990 ARBREFONTAINE                                                              0 0
21000200002106250855015081     0000000000025000250621001500000EN SOUVENIR DE MADELEINE                             25062114001 0
2200020000                                                                                        GKCCBEBB                   1 0
2300020000BE86063019285150                  EURMEERS NICOLINE                                                                0 1
31000200012106250855015081     001500001001MEERS NICOLINE                                                                    1 0
3200020001RUE JEAN VERKRUYTS 23              4681 HERMALLE-S-ARGENTEAU                                                       0 0
21000300002106250957082786     0000000000005000250621001500000115564 PROJET 2021                                   25062114001 0
2200030000                                                     174964302                          GEBABEBB                   1 0
2300030000BE13210069033639                  EURHENRI F.PETIT                                                                 0 1
31000300012106250957082786     001500001001HENRI F.PETIT                                                                     1 0
3200030001R. GARE DE RAMILLIES 33            1367 RAMILLIES                                                                  0 0
21000400002106250957082857     0000000000005000250621001500000ORDRE PERMANENT                    EXONERATION       25062114001 0
2200040000                                                     170040849                          GEBABEBB                   1 0
2300040000BE93001014432767                  EURBOEMBEKE JEAN-MARIE                                                           0 1
31000400012106250957082857     001500001001BOEMBEKE JEAN-MARIE                                                               1 0
3200040001RUE FRECHE 7                       6000 CHARLEROI                                                                  0 0
8140250013850069 EUR0BE                  0000000116054140250621                                                                0
9               000022000000000000000000000000085000                                                                           1
