0000004062120005                  L.B.SCLER.PL.ASBL/S.CENTR GEBABEBB   00424264043 00000                                       2
10121250013850069 EUR0BE                  0000000107318520030621L.B.SCLER.PL.ASBL/S.CENTR                                    121
21000100002106041700096867     0000000000300000040621002500000PROJETS 2021 - 112557                                04062112101 0
2200010000                                                     NOTPROVIDED                        KREDBEBBXXX                1 0
2300010000BE28731000596220                  EURCARNOL BERNARD                                                                0 1
31000100012106041700096867     002500001001CARNOL BERNARD                                                                    1 0
3200010001AM WAISENBUESCHCHEN 5              4700 EUPEN                                                                      0 0
21000200002106040848417783     0000000000050000040621001500000RUBAN 21                                             04062112101 0
2200020000                                                                                        GKCCBEBB                   1 0
2300020000BE69792534249578                  EURARNOLDY MARC                                                                  0 1
31000200012106040848417783     001500001001ARNOLDY MARC                                                                      1 0
3200020001RUE DE LA LIMITE 20/2              1210 BRUXELLES                                                                  0 0
21000300002106040848417819     0000000000040000040621001500000RUBAN 2021                                           04062112101 0
2200030000                                                     6100-20210603-6030308897           BPOTBEB1                   1 0
2300030000BE81000056136324                  EURMME HELENE DE SELYS LONGCH                                                    0 1
31000300012106040848417819     001500001001MME HELENE DE SELYS LONGCH                                                        1 0
3200030001RUE EDMOND DE SELYS-LONGCHAMPS,112 4300 WAREMME                                                                    0 0
21000400002106040848417826     0000000000012500040621001500000                                                     04062112101 0
2200040000                                                                                        BBRUBEBB                   1 0
2300040000BE80310153462877                  EURVANNEROM JADOS JOHAN                                                          0 1
31000400012106040848417826     001500001001VANNEROM JADOS JOHAN                                                              1 0
3200040001RUE HENRI PAUWELS 99               1400 NIVELLES                                                                   0 0
21000500002106040848417804     0000000000010000040621001500000SEP DON MENSUEL PONCHAUX MICHELLE                    04062112101 0
2200050000                                                                                        BPOTBEB1                   1 0
2300050000BE46000074470536                  EURPONCHAUX MICHELLE                                                             0 1
31000500012106040848417804     001500001001PONCHAUX MICHELLE                                                                 1 0
3200050001RUE PIERRE HANS, 59 A1             6040 JUMET                                                                      0 1
31000500022106040848417804     001500001008LIGUE B DE LA SCLEROSE EN PLAQUES                                                 0 1
31000500032106040848417804     001500001009MME PONCHAUX MICHELLE                                                             0 0
21000600002106040848417812     0000000000005500040621001500000DON                                                  04062112101 0
2200060000                                                                                        GKCCBEBB                   1 0
2300060000BE88063172689741                  EURCERVELLIN SOPHIE                                                              0 1
31000600012106040848417812     001500001001CERVELLIN SOPHIE                                                                  1 0
3200060001CHAUSSEE DE GILLY 125/1            6043 RANSART                                                                    0 0
8121250013850069 EUR0BE                  0000000107736520040621                                                                0
9               000034000000000000000000000000418000                                                                           1
