0000021012120005                  L.B.SCLER.PL.ASBL/S.CENTR GEBABEBB   00424264043 00000                                       2
10014250013850069 EUR0BE                  0000000138064470190121L.B.SCLER.PL.ASBL/S.CENTR                                    014
21000100002101211518039095     0000000000040000210121002500000PROJETS 2021 - 110045                                21012101401 0
2200010000                                                     NOTPROVIDED                        BBRUBEBBXXX        OTHR    1 0
2300010000BE33652481562646                  EURM REGINALD RATZ                                                               0 1
31000100012101211518039095     002500001001M REGINALD RATZ                                                                   1 0
3200010001RUE DU PERREON 93                  4141 LOUVEIGNE                                                                  0 0
21000200002101210855405256     1000000000005250010121080330000                                                     21012101401 0
220002000001-01-2021 31-03-2021 03     5,250 EUR Q                          0000000001161                                    0 0
8014250013850069 EUR0BE                  0000000138099220210121                                                                0
9               000009000000000005250000000000040000                                                                           1
