0000017032120005                  L.B.SCLER.PL.ASBL/S.CENTR GEBABEBB   00424264043 00000                                       2
10057250013850069 EUR0BE                  0000000091187220160321L.B.SCLER.PL.ASBL/S.CENTR                                    057
21000100002103170848184783     00000000000025001703210015000002002- 96294                                          17032105701 0
2200010000                                                     6100-20210316-3160303174           BPOTBEB1                   1 0
2300010000BE90000031373032                  EURM. ANDRE WASSON                                                               0 1
31000100012103170848184783     001500001001M. ANDRE WASSON                                                                   1 0
3200010001RUE DE LA PAROISSE, 8              4800 VERVIERS                                                                   0 0
8057250013850069 EUR0BE                  0000000091189720170321                                                                0
9               000007000000000000000000000000002500                                                                           1
