0000005062120005                  L.B.SCLER.PL.ASBL/S.CENTR GEBABEBB   00424264043 00000                                       2
10122250013850069 EUR0BE                  0000000107736520040621L.B.SCLER.PL.ASBL/S.CENTR                                    122
21000100002106051101266292     0000000000150000050621001500000DON 2021 - PROJETS 2021 - 117875                     05062112201 0
2200010000                                                                                        GEBABEBB                   1 0
2300010000BE07001160825066                  EURDENEYER ARNAUD                                                                0 1
31000100012106051101266292     001500001001DENEYER ARNAUD                                                                    1 0
3200010001CHEMIN SAINT-PIERRE 51             7030 SAINT-SYMPHORIEN                                                           0 0
21000200002106051431313485     0000000000100000050621001500000RUBAN 2021                                           05062112201 0
2200020000                                                                                        GEBABEBB                   1 0
2300020000BE50250020479718                  EURTRIGAUX JEAN-PAUL                                                             0 1
31000200012106051431313485     001500001001TRIGAUX JEAN-PAUL                                                                 1 0
3200020001RUE ANTOINE GEMENNE 41             5170 PROFONDEVILLE                                                              0 0
21000300002106051746120353     0000000000010000050621001500000                                                     05062112201 0
2200030000                                                                                        GEBABEBB                   1 0
2300030000BE69001485524078                  EURAMATO FILIPPA                                                                 0 1
31000300012106051746120353     001500001001AMATO FILIPPA                                                                     1 0
3200030001RUE DES REWES 11                   4420 SAINT-NICOLAS                                                              0 0
21000400002106050957092357     0000000000006000050621001500000DON                                                  05062112201 0
2200040000                                                     054949872                          GEBABEBB                   1 0
2300040000BE51001300640462                  EURME VE J.PONCELET-ERLICHMAN                                                    0 1
31000400012106050957092357     001500001001ME VE J.PONCELET-ERLICHMAN                                                        1 0
3200040001RUE DES CHARDONS 13                1030 SCHAERBEEK                                                                 0 0
8122250013850069 EUR0BE                  0000000108002520050621                                                                0
9               000022000000000000000000000000266000                                                                           1
