0000002022120005                  L.B.SCLER.PL.ASBL/S.CENTR GEBABEBB   00424264043 00000                                       2
10022250013850069 EUR0BE                  0000000138589220010221L.B.SCLER.PL.ASBL/S.CENTR                                    022
21000100002102020852273620     00000000000500000202210015000002002-114122                                          02022102201 0
2200010000                                                                                        GKCCBEBB                   1 0
2300010000BE58063210911579                  EURLAMBIN - COULOT                                                               0 1
31000100012102020852273620     001500001001LAMBIN - COULOT                                                                   1 0
3200010001CHEMIN DEUX MAISONS 81/2           1200 BRUXELLES                                                                  0 0
21000200002102020852273481     00000000000100000202210015000001103.110894                                          02022102201 0
2200020000                                                                                        GKCCBEBB                   1 0
2300020000BE63776594154908                  EURRAMARD NATHALIE                                                               0 1
31000200012102020852273481     001500001001RAMARD NATHALIE                                                                   1 0
3200020001RUE DES CROISIERS 6/1              7712 HERSEAUX                                                                   0 0
21000300002102020852273580     0000000000010000020221001500000SOUVENIR FANARD PATRICE                              02022102201 0
2200030000                                                                                        GKCCBEBB                   1 0
2300030000BE65062462888096                  EURMOSSOUX CHRISTIANE                                                            0 1
31000300012102020852273580     001500001001MOSSOUX CHRISTIANE                                                                1 0
3200030001QUAI DE LA BOVERIE 3/24            4020 LIEGE                                                                      0 0
21000400002102020852273593     0000000000005000020221001500000DON                                                  02022102201 0
2200040000                                                                                        GKCCBEBB                   1 0
2300040000BE50063940209618                  EURMATHON - PERPETE                                                              0 1
31000400012102020852273593     001500001001MATHON - PERPETE                                                                  1 0
3200040001VENELLE LE PHARE 5/7               1400 NIVELLES                                                                   0 0
21000500002102020852273607     0000000000005000020221001500000DON MEMBRE 1302                                      02022102201 0
2200050000                                                                                        BPOTBEB1                   1 0
2300050000BE43000026723601                  EURWARNANTS FRANCINE                                                             0 1
31000500012102020852273607     001500001001WARNANTS FRANCINE                                                                 1 0
3200050001RUE DE PETIT-ROEULX(OB),46         6230 PONT-A-CELLES                                                              0 0
21000600002102021517374251     0000000000005000020221001500000MAHIEU CLEMENTINE DON                                02022102201 0
2200060000                                                     20210202CEC101003256-012040        KEYTBEBB                   1 0
2300060000BE50651195921818                  EURCLEMENTINE EMILIE MAHIEU                                                      0 1
31000600012102021517374251     001500001001CLEMENTINE EMILIE MAHIEU                                                          1 0
3200060001PLACE DES VEAUX DE MARS 2B0021     5030 GEMBLOUX                                                                   0 0
21000700002102020852273652     0000000000003500020221001500000                                                     02022102201 0
2200070000                                                                                        GKCCBEBB                   1 0
2300070000BE29061952335064                  EURCAUDRON NADINE                                                                0 1
31000700012102020852273652     001500001001CAUDRON NADINE                                                                    1 0
3200070001RUE LOUIS LANGLOIS 14              7322 POMMEROEUL                                                                 0 0
8022250013850069 EUR0BE                  0000000138677720020221                                                                0
9               000037000000000000000000000000088500                                                                           1
