0000018032120005                  L.B.SCLER.PL.ASBL/S.CENTR GEBABEBB   00424264043 00000                                       2
10058250013850069 EUR0BE                  0000000091189720170321L.B.SCLER.PL.ASBL/S.CENTR                                    058
21000100002103180849575953     0000000000010000180321001500000EN SOUVENIR DE VINCENT                               18032105801 0
2200010000                                                                                        GKCCBEBB                   1 0
2300010000BE07063957228266                  EURGRIFFE GENEVIEVE                                                              0 1
31000100012103180849575953     001500001001GRIFFE GENEVIEVE                                                                  1 0
3200010001RUE DE SELYS 33                    4053 EMBOURG                                                                    0 0
8058250013850069 EUR0BE                  0000000091199720180321                                                                0
9               000007000000000000000000000000010000                                                                           1
