0000005052120005                  L.B.SCLER.PL.ASBL/S.CENTR GEBABEBB   00424264043 00000                                       2
10095250013850069 EUR0BE                  0000000100430770040521L.B.SCLER.PL.ASBL/S.CENTR                                    095
21000100002105051712304745     0000000000350000050521002500000PROJETS 2021 - 112890                                05052109501 0
2200010000                                                     NOTPROVIDED                        BBRUBEBBXXX        OTHR    1 0
2300010000BE37310115045928                  EURCHANTRENNE WEGNEZ                                                             0 1
31000100012105051712304745     002500001001CHANTRENNE WEGNEZ                                                                 1 0
3200010001AV DE L EUROPE 20                  1330 RIXENSART                                                                  0 0
21000200002105051325598098     0000000000100000050521002500000EN SOUVENIR DE NORBERT                               05052109501 0
2200020000                                                     NOTPROVIDED                        BBRUBEBBXXX        OTHR    1 0
2300020000BE76377012644995                  EURMME FREDERIQUE VANYSACKER                                                     0 1
31000200012105051325598098     002500001001MME FREDERIQUE VANYSACKER                                                         1 0
3200020001RUE DE MEUX 18 A                   5031 GRAND-LEEZ                                                                 0 0
21000300002105051646055983     00000000000600000505210025000002021 DON                                             05052109501 0
2200030000                                                     NOTPROVIDED                        BBRUBEBBXXX        OTHR    1 0
2300030000BE80350013216977                  EURMME ANNE LEONARD                                                              0 1
31000300012105051646055983     002500001001MME ANNE LEONARD                                                                  1 0
3200030001RUE DU VILLAGE 34                  5030 GEMBLOUX                                                                   0 0
21000400002105051432095617     0000000000050000050521001500000EN SOUVENIR DE NORBERT DEHEZ.                        05052109501 0
2200040000                                                                                        GEBABEBB                   1 0
2300040000BE81001083909524                  EURDEMOULIN ETIENNE                                                              0 1
31000400012105051432095617     001500001001DEMOULIN ETIENNE                                                                  1 0
3200040001RUE JOSEPH DEBEHOGNE 17            5020 NAMUR                                                                      0 0
21000500002105050956527812     0000000000025000040521001500000ISABELLE ET JEAN LUC BRAUSCH  STAFF D'U SCOUTS DE ROS05052109501 0
2200050000ELIES                                                                                   GEBABEBB                   1 0
2300050000BE71001093313369                  EURMOTTE ISABELLE                                                                0 1
31000500012105050956527812     001500001001MOTTE ISABELLE                                                                    1 0
3200050001RUE DE TERGNEE 9                   6250 AISEAU-PRESLES                                                             0 0
21000600002105050848363471     0000000000012500050521001500000                                                     05052109501 0
2200060000                                                                                        BBRUBEBB                   1 0
2300060000BE80310153462877                  EURVANNEROM JADOS JOHAN                                                          0 1
31000600012105050848363471     001500001001VANNEROM JADOS JOHAN                                                              1 0
3200060001RUE HENRI PAUWELS 99               1400 NIVELLES                                                                   0 0
21000700002105050956527896     0000000000006000050521001500000DON                                                  05052109501 0
2200070000                                                     054949872                          GEBABEBB                   1 0
2300070000BE51001300640462                  EURME VE J.PONCELET-ERLICHMAN                                                    0 1
31000700012105050956527896     001500001001ME VE J.PONCELET-ERLICHMAN                                                        1 0
3200070001RUE DES CHARDONS 13                1030 SCHAERBEEK                                                                 0 0
21000800002105050848363438     0000000000005000050521001500000                                                     05052109501 0
2200080000                                                                                        BBRUBEBB                   1 0
2300080000BE96367013866205                  EURM MICHEL SEIDEL                                                               0 1
31000800012105050848363438     001500001001M MICHEL SEIDEL                                                                   1 0
3200080001CHAMPS MORAIS 83                   6880 BERTRIX                                                                    0 0
8095250013850069 EUR0BE                  0000000101039270050521                                                                0
9               000042000000000000000000000000608500                                                                           1
