0000018122120005                  L.B.SCLER.PL.ASBL/S.CENTR GEBABEBB   00424264043 00000                                       2
10297250013850069 EUR0BE                  0000000130905330171221L.B.SCLER.PL.ASBL/S.CENTR                                    297
21000100002112181746145224     00000000001000001812210015000001502-115428                                          18122129701 0
2200010000                                                                                        GEBABEBB                   1 0
2300010000BE84210076271859                  EURDE BROUWER JOSEPH                                                             0 1
31000100012112181746145224     001500001001DE BROUWER JOSEPH                                                                 1 0
3200010001CHAUSSEE DE WAVRE 114              1330 RIXENSART                                                                  0 0
21000200002112181546250472     0000000000040000181221001500000113690 - PROJETS 2021 - 2022                         18122129701 0
2200020000                                                                                        GEBABEBB                   1 0
2300020000BE62210031176761                  EURVAN DE PERRE-HAUPTMANN                                                        0 1
31000200012112181546250472     001500001001VAN DE PERRE-HAUPTMANN                                                            1 0
3200020001RUE DE GRIMOHAYE 56                1300 WAVRE                                                                      0 0
21000300002112181746145293     0000000000040000181221001500000RUBAN 2021                                           18122129701 0
2200030000                                                                                        GEBABEBB                   1 0
2300030000BE05210001146975                  EURDE DORLODOT EMMANUEL                                                          0 1
31000300012112181746145293     001500001001DE DORLODOT EMMANUEL                                                              1 0
3200030001RUE DE LA COMMONE 48               1325 DION-VALMONT                                                               0 0
21000400002112181746145560     0000000000040000181221001500000                                                     18122129701 0
2200040000                                                                                        GEBABEBB                   1 0
2300040000BE64210043620952                  EURDELMELLE PIERRE                                                               0 1
31000400012112181746145560     001500001001DELMELLE PIERRE                                                                   1 0
3200040001LINDENBERG 10                      1200 WOLUWE-SAINT-LAMBERT                                                       0 0
8297250013850069 EUR0BE                  0000000131125330181221                                                                0
9               000022000000000000000000000000220000                                                                           1
