0000011022120005                  L.B.SCLER.PL.ASBL/S.CENTR GEBABEBB   00424264043 00000                                       2
10031250013850069 EUR0BE                  0000000139027220100221L.B.SCLER.PL.ASBL/S.CENTR                                    031
21000100002102110836167712     0000000000050000110221002500000EN SOUVENIR DE JEAN-LOUIS THEATRE                    11022103101 0
2200010000                                                     NOTPROVIDED                        BBRUBEBBXXX        OTHR    1 0
2300010000BE97377091355849                  EURM ALESSANDRO SARICH                                                           0 1
31000100012102110836167712     002500001001M ALESSANDRO SARICH                                                               1 0
3200010001RUE DE BRUXELLES 151/E             1472 VIEUX-GENAPPE                                                              0 0
21000200002102110847580017     0000000000010000110221001500000DON                                                  11022103101 0
2200020000                                                                                        GKCCBEBB                   1 0
2300020000BE36063994109181                  EURLIENARD LAURENCE                                                              0 1
31000200012102110847580017     001500001001LIENARD LAURENCE                                                                  1 0
3200020001RUE DU CHAINIA 86                  5081 MEUX                                                                       0 0
21000300002102110847579993     0000000000005000110221001500000                                                     11022103101 0
2200030000                                                                                        GKCCBEBB                   1 0
2300030000BE13063127342039                  EURLEMPEREUR - BRUWIER                                                           0 1
31000300012102110847579993     001500001001LEMPEREUR - BRUWIER                                                               1 0
3200030001LE HAUMONT 15                      4650 HERVE                                                                      0 0
8031250013850069 EUR0BE                  0000000139092220110221                                                                0
9               000017000000000000000000000000065000                                                                           1
