0000028022120005                  L.B.SCLER.PL.ASBL/S.CENTR GEBABEBB   00424264043 00000                                       2
10041250013850069 EUR0BE                  0000000090780720260221L.B.SCLER.PL.ASBL/S.CENTR                                    041
21000100002102280956597182     0000000000020000280221001500000AIDE A LA RECHERCHE                                  28022104101 0
2200010000                                                     174992621                          GEBABEBB                   1 0
2300010000BE84240028213159                  EURNEY MONIQUE                                                                   0 1
31000100012102280956597182     001500001001NEY MONIQUE                                                                       1 0
3200010001RUE JULES CLASKIN 16               4460 GRACE-HOLLOGNE                                                             0 0
21000200002102280956597221     00000000000050002802210015000001802 115218                                          28022104101 0
2200020000                                                     173340332                          GEBABEBB                   1 0
2300020000BE95144056151158                  EURNANIOT CHRISTIAN                                                              0 1
31000200012102280956597221     001500001001NANIOT CHRISTIAN                                                                  1 0
3200020001RUE FETIS 26 402                   5500 DINANT                                                                     0 0
21000300002102280956597256     0000000000005000280221001500000                                                     28022104101 0
2200030000                                                     118113682                          GEBABEBB                   1 0
2300030000BE74210080476407                  EURDUBRULLE PIERRE                                                               0 1
31000300012102280956597256     001500001001DUBRULLE PIERRE                                                                   1 0
3200030001AVENUE VAN SEVER 74                1970 WEZEMBEEK-OPPEM                                                            0 0
8041250013850069 EUR0BE                  0000000090810720280221                                                                0
9               000017000000000000000000000000030000                                                                           1
