0000031072120005                  L.B.SCLER.PL.ASBL/S.CENTR GEBABEBB   00424264043 00000                                       2
10167250013850069 EUR0BE                  0000000119869210300721L.B.SCLER.PL.ASBL/S.CENTR                                    167
21000100002107310957179526     00000000000050003107210015000001802 115218                                          31072116701 0
2200010000                                                     173340332                          GEBABEBB                   1 0
2300010000BE95144056151158                  EURNANIOT CHRISTIAN                                                              0 1
31000100012107310957179526     001500001001NANIOT CHRISTIAN                                                                  1 0
3200010001RUE FETIS 26 402                   5500 DINANT                                                                     0 0
21000200002107310957179687     0000000000005000310721001500000                                                     31072116701 0
2200020000                                                     118113682                          GEBABEBB                   1 0
2300020000BE74210080476407                  EURDUBRULLE PIERRE                                                               0 1
31000200012107310957179687     001500001001DUBRULLE PIERRE                                                                   1 0
3200020001AVENUE VAN SEVER 74                1970 WEZEMBEEK-OPPEM                                                            0 0
8167250013850069 EUR0BE                  0000000119879210310721                                                                0
9               000012000000000000000000000000010000                                                                           1
