0000015052120005                  L.B.SCLER.PL.ASBL/S.CENTR GEBABEBB   00424264043 00000                                       2
10105250013850069 EUR0BE                  0000000102070770140521L.B.SCLER.PL.ASBL/S.CENTR                                    105
21000100002105151431101536     0000000000050000150521001500000PROJETS 2021-110371                                  15052110501 0
2200010000                                                                                        GEBABEBB                   1 0
2300010000BE74240061372207                  EURWATELET MICHEL                                                                0 1
31000100012105151431101536     001500001001WATELET MICHEL                                                                    1 0
3200010001BD PIERCOT 4 0082                  4000 LIEGE                                                                      0 0
21000200002105150956375457     0000000000020000150521001500000                                                     15052110501 0
2200020000                                                     170777949                          GEBABEBB                   1 0
2300020000BE12240057316492                  EURDOUTREWE JEAN                                                                 0 1
31000200012105150956375457     001500001001DOUTREWE JEAN                                                                     1 0
3200020001RUE NOUWEN 21                      4690 BASSENGE                                                                   0 0
21000300002105150956375379     0000000000015000150521001500000DON MENSUEL                                          15052110501 0
2200030000                                                     033868830                          GEBABEBB                   1 0
2300030000BE44001142179545                  EURDE SMEDT-STAS                                                                 0 1
31000300012105150956375379     001500001001DE SMEDT-STAS                                                                     1 0
3200030001I. CROKAERTSTRAAT 280              1731 ASSE                                                                       0 0
8105250013850069 EUR0BE                  0000000102155770150521                                                                0
9               000017000000000000000000000000085000                                                                           1
