0000002032120005                  L.B.SCLER.PL.ASBL/S.CENTR GEBABEBB   00424264043 00000                                       2
10043250013850069 EUR0BE                  0000000090950720010321L.B.SCLER.PL.ASBL/S.CENTR                                    043
21000100002103020851215900     0000000000010000020321001500000SOUVENIR FANARD PATRICE                              02032104301 0
2200010000                                                                                        GKCCBEBB                   1 0
2300010000BE65062462888096                  EURMOSSOUX CHRISTIANE                                                            0 1
31000100012103020851215900     001500001001MOSSOUX CHRISTIANE                                                                1 0
3200010001QUAI DE LA BOVERIE 3/24            4020 LIEGE                                                                      0 0
21000200002103020851215919     0000000000005000020321001500000DON                                                  02032104301 0
2200020000                                                                                        GKCCBEBB                   1 0
2300020000BE50063940209618                  EURMATHON - PERPETE                                                              0 1
31000200012103020851215919     001500001001MATHON - PERPETE                                                                  1 0
3200020001VENELLE LE PHARE 5/7               1400 NIVELLES                                                                   0 0
21000300002103020851215942     0000000000005000020321001500000DON MEMBRE 1302                                      02032104301 0
2200030000                                                                                        BPOTBEB1                   1 0
2300030000BE43000026723601                  EURWARNANTS FRANCINE                                                             0 1
31000300012103020851215942     001500001001WARNANTS FRANCINE                                                                 1 0
3200030001RUE DE PETIT-ROEULX(OB),46         6230 PONT-A-CELLES                                                              0 0
21000400002103021517465285     0000000000005000020321001500000DON MENSUEL MAHIEU CLEMENTINE                        02032104301 0
2200040000                                                     20210302CEC101003276-012525        KEYTBEBB                   1 0
2300040000BE50651195921818                  EURCLEMENTINE EMILIE MAHIEU                                                      0 1
31000400012103021517465285     001500001001CLEMENTINE EMILIE MAHIEU                                                          1 0
3200040001PLACE DES VEAUX DE MARS 2B0021     5030 GEMBLOUX                                                                   0 0
21000500002103020851215930     0000000000003500020321001500000                                                     02032104301 0
2200050000                                                                                        GKCCBEBB                   1 0
2300050000BE29061952335064                  EURCAUDRON NADINE                                                                0 1
31000500012103020851215930     001500001001CAUDRON NADINE                                                                    1 0
3200050001RUE LOUIS LANGLOIS 14              7322 POMMEROEUL                                                                 0 0
8043250013850069 EUR0BE                  0000000090979220020321                                                                0
9               000027000000000000000000000000028500                                                                           1
