0000003022120005                  L.B.SCLER.PL.ASBL/S.CENTR GEBABEBB   00424264043 00000                                       2
10023250013850069 EUR0BE                  0000000138677720020221L.B.SCLER.PL.ASBL/S.CENTR                                    023
21000100002102030848042103     0000000000010000030221001500000                                                     03022102301 0
2200010000                                                                                        BPOTBEB1                   1 0
2300010000BE98000118902293                  EURFINET NATACHA                                                                 0 1
31000100012102030848042103     001500001001FINET NATACHA                                                                     1 0
3200010001RUE DU GAZOMETRE(PAC),20           6230 PONT-A-CELLES                                                              0 1
31000100022102030848042103     001500001008LIGUE BELGE SCLEROSE EN                                                           0 1
31000100032102030848042103     001500001009MLLE FINET NATACHA                                                                0 0
21000200002102031019256112     0000000000010000030221001500000                                                     03022102301 0
2200020000                                                                                        CREGBEBB                   1 0
2300020000BE92732029621023                  EURHAEGEMAN BERNADETTE                                                           0 1
31000200012102031019256112     001500001001HAEGEMAN BERNADETTE                                                               1 0
3200020001RUE ROGER HENOCK 1 B48 B           6567 MERBES-LE-CHATEAU                                                          0 0
21000300002102030848042242     00000000000050000302210015000000444 91317                                           03022102301 0
2200030000                                                                                        GKCCBEBB                   1 0
2300030000BE91063013031276                  EURGODFROID GENEVIEVE                                                            0 1
31000300012102030848042242     001500001001GODFROID GENEVIEVE                                                                1 0
3200030001RUE NEUVE 24                       7040 QUEVY                                                                      0 0
21000400002102030848042253     0000000000003500030221001500000DON CHANTAL MEUNIER-MELARD                           03022102301 0
2200040000                                                                                        AXABBE22                   1 0
2300040000BE49704042477771                  EURMELARD CHANTAL                                                                0 1
31000400012102030848042253     001500001001MELARD CHANTAL                                                                    1 0
3200040001AV. DE L OBSERVATOI 156 B 62       4000 LIEGE                                                                      0 0
8023250013850069 EUR0BE                  0000000138706220030221                                                                0
9               000024000000000000000000000000028500                                                                           1
