0000007042120005                  L.B.SCLER.PL.ASBL/S.CENTR GEBABEBB   00424264043 00000                                       2
10070250013850069 EUR0BE                  0000000092210020060421L.B.SCLER.PL.ASBL/S.CENTR                                    070
21000100002104070956385334     0000000000020000070421001500000DON                                                  07042107001 0
2200010000                                                     174901108                          GEBABEBB                   1 0
2300010000BE58240017011679                  EURLEMESTREZ ANDRE                                                               0 1
31000100012104070956385334     001500001001LEMESTREZ ANDRE                                                                   1 0
3200010001RUE DES AMERICAINS 10 0001         4432 ANS                                                                        0 0
21000200002104070956385409     0000000000020000070421001500000MATHS FRANCINE                                       07042107001 0
2200020000                                                     174883106                          GEBABEBB                   1 0
2300020000BE64001130161952                  EURMATHYS FRANCINE                                                               0 1
31000200012104070956385409     001500001001MATHYS FRANCINE                                                                   1 0
3200020001RUE DE METTET 114 0021             5620 FLORENNES                                                                  0 0
21000300002104071022172311     0000000000013000070421001500000AURELIE MONCHAUX                                     07042107001 0
2200030000                                                     I65V21096L002853                   CTBKBEBX                   1 0
2300030000BE41950122683410                  EURM JEAN MONCHAUX                                                               0 1
31000300012104071022172311     001500001001M JEAN MONCHAUX                                                                   1 0
3200030001RUE DE LA CENSE AU BOIS 11         7800 ATH                                                                        0 0
21000400002104070956385461     0000000000010000070421001500000                                                     07042107001 0
2200040000                                                     174619255                          GEBABEBB                   1 0
2300040000BE43001311973601                  EURUDA CARLA                                                                     0 1
31000400012104070956385461     001500001001UDA CARLA                                                                         1 0
3200040001RUE GENERAL LEMAN 82 000-A         6044 CHARLEROI                                                                  0 0
21000500002104070854026829     0000000000005500070421001500000DON                                                  07042107001 0
2200050000                                                                                        GKCCBEBB                   1 0
2300050000BE88063172689741                  EURCERVELLIN SOPHIE                                                              0 1
31000500012104070854026829     001500001001CERVELLIN SOPHIE                                                                  1 0
3200050001CHAUSSEE DE GILLY 125/1            6043 RANSART                                                                    0 0
21000600002104070854026850     00000000000050000704210015000000444 91317                                           07042107001 0
2200060000                                                                                        GKCCBEBB                   1 0
2300060000BE91063013031276                  EURGODFROID GENEVIEVE                                                            0 1
31000600012104070854026850     001500001001GODFROID GENEVIEVE                                                                1 0
3200060001RUE NEUVE 24                       7040 QUEVY                                                                      0 0
21000700002104071518017299     0000000000005000070421001500000DON MAHIEU CLEMENTINE                                07042107001 0
2200070000                                                     20210406CEC101003299-031226        KEYTBEBB                   1 0
2300070000BE50651195921818                  EURCLEMENTINE EMILIE MAHIEU                                                      0 1
31000700012104071518017299     001500001001CLEMENTINE EMILIE MAHIEU                                                          1 0
3200070001PLACE DES VEAUX DE MARS 2B0021     5030 GEMBLOUX                                                                   0 0
21000800002104071717426293     0000000000003500070421001500000DON CHANTAL MEUNIER-MELARD                           07042107001 0
2200080000                                                                                        AXABBE22                   1 0
2300080000BE49704042477771                  EURMELARD CHANTAL                                                                0 1
31000800012104071717426293     001500001001MELARD CHANTAL                                                                    1 0
3200080001AV. DE L OBSERVATOI 156 B 62       4000 LIEGE                                                                      0 0
8070250013850069 EUR0BE                  0000000092292020070421                                                                0
9               000042000000000000000000000000082000                                                                           1
