0000010032120005                  L.B.SCLER.PL.ASBL/S.CENTR GEBABEBB   00424264043 00000                                       2
10051250013850069 EUR0BE                  0000000090543720090321L.B.SCLER.PL.ASBL/S.CENTR                                    051
21000100002103100848319970     0000000000005000100321001500000DON MENSUEL                                          10032105101 0
2200010000                                                                                        CPHBBE75                   1 0
2300010000BE16126204505574                  EURM., MME FLABA GIBON ALAIN                                                     0 1
31000100012103100848319970     001500001001M., MME FLABA GIBON ALAIN                                                         1 0
3200010001RUE DE LA GOULETTE 122             6200 BOUFFIOULX                                                                 0 0
8051250013850069 EUR0BE                  0000000090548720100321                                                                0
9               000007000000000000000000000000005000                                                                           1
