0000025092120005                  L.B.SCLER.PL.ASBL/S.CENTR GEBABEBB   00424264043 00000                                       2
10219250013850069 EUR0BE                  0000000102827910240921L.B.SCLER.PL.ASBL/S.CENTR                                    219
21000100002109251901516291     00000000001000002509210015000002102-114933                                          25092121901 0
2200010000                                                                                        GEBABEBB                   1 0
2300010000BE47271042054380                  EURPAQUE BERNADETTE                                                              0 1
31000100012109251901516291     001500001001PAQUE BERNADETTE                                                                  1 0
3200010001AVENUE DU PORTUGAL 3 0105          1420 BRAINE-L'ALLEUD                                                            0 0
21000200002109250956450468     0000000000005000250921001500000ORDRE PERMANENT                    EXONERATION       25092121901 0
2200020000                                                     170040849                          GEBABEBB                   1 0
2300020000BE93001014432767                  EURBOEMBEKE JEAN-MARIE                                                           0 1
31000200012109250956450468     001500001001BOEMBEKE JEAN-MARIE                                                               1 0
3200020001RUE FRECHE 7                       6000 CHARLEROI                                                                  0 0
21000300002109250956450583     0000000000005000250921001500000115564 PROJET 2021                                   25092121901 0
2200030000                                                     174964302                          GEBABEBB                   1 0
2300030000BE13210069033639                  EURHENRI F.PETIT                                                                 0 1
31000300012109250956450583     001500001001HENRI F.PETIT                                                                     1 0
3200030001R. GARE DE RAMILLIES 33            1367 RAMILLIES                                                                  0 0
8219250013850069 EUR0BE                  0000000102937910250921                                                                0
9               000017000000000000000000000000110000                                                                           1
