0000012042120005                  L.B.SCLER.PL.ASBL/S.CENTR GEBABEBB   00424264043 00000                                       2
10072250013850069 EUR0BE                  0000000092287020090421L.B.SCLER.PL.ASBL/S.CENTR                                    072
21000100002104121026408223     0000000000005000120421001500000DON MENSUEL                                          12042107201 0
2200010000                                                                                        CPHBBE75                   1 0
2300010000BE16126204505574                  EURM., MME FLABA GIBON ALAIN                                                     0 1
31000100012104121026408223     001500001001M., MME FLABA GIBON ALAIN                                                         1 0
3200010001RUE DE LA GOULETTE 122             6200 BOUFFIOULX                                                                 0 0
21000200002104121119165081     1000000000005250010421080330000                                                     12042107201 0
220002000001-04-2021 30-06-2021 03     5,250 EUR Q                          0000000001180                                    0 0
8072250013850069 EUR0BE                  0000000092286770120421                                                                0
9               000009000000000005250000000000005000                                                                           1
