0000014042120005                  L.B.SCLER.PL.ASBL/S.CENTR GEBABEBB   00424264043 00000                                       2
10074250013850069 EUR0BE                  0000000092531770130421L.B.SCLER.PL.ASBL/S.CENTR                                    074
21000100002104141548087212     0000000000125000140421001500000ATTESTATION FISCALE SVP                              14042107401 0
2200010000                                                                                        GEBABEBB                   1 0
2300010000BE22001412906747                  EURDELCOUR FRANCOIS                                                              0 1
31000100012104141548087212     001500001001DELCOUR FRANCOIS                                                                  1 0
3200010001RUE HYACINTHE SOURIS 54            4432 ANS                                                                        0 0
21000200002104140848115868     0000000000100000140421001500000PROJETS 2021-90876                                   14042107401 0
2200020000                                                                                        GKCCBEBB                   1 0
2300020000BE56776599808388                  EURFINET RICHARD                                                                 0 1
31000200012104140848115868     001500001001FINET RICHARD                                                                     1 0
3200020001RUE ERNEST SOLVAY 90               6211 MELLET                                                                     0 0
21000300002104141217447250     0000000000100000140421001500000PROJETS 2021 - 117128                                14042107401 0
2200030000                                                                                        GEBABEBB                   1 0
2300030000BE97001772844849                  EURGROULARD FRANCOIS-XAVIER                                                      0 1
31000300012104141217447250     001500001001GROULARD FRANCOIS-XAVIER                                                          1 0
3200030001BOIS DE MARIOMONT 53               4845 JALHAY                                                                     0 0
21000400002104141431481718     0000000000100000140421001500000PROJETS 2021- 102186                                 14042107401 0
2200040000                                                                                        GEBABEBB                   1 0
2300040000BE71248014262969                  EURGOFFIN MARIE                                                                  0 1
31000400012104141431481718     001500001001GOFFIN MARIE                                                                      1 0
3200040001CHEMIN DU BENAY 16                 4910 THEUX                                                                      0 0
21000500002104141512339085     00000000001000001404210025000002021/ 108891                                         14042107401 0
2200050000                                                     NOTPROVIDED                        CREGBEBBXXX                1 0
2300050000BE72732023780916                  EURVAN GOETHEM-VENTER P + A                                                      0 1
31000500012104141512339085     002500001001VAN GOETHEM-VENTER P + A                                                          1 0
3200050001RUE WAGNER 34                      6791 ATHUS                                                                      0 0
21000600002104141019047193     0000000000060000140421001500000AFFILIATION 2021+DON                                 14042107401 0
2200060000                                                                                        NICABEBB                   1 0
2300060000BE42103109899654                  EURCORNIL - VAN WYNSBERGHE                                                       0 1
31000600012104141019047193     001500001001CORNIL - VAN WYNSBERGHE                                                           1 0
3200060001CHEM FOYAU 1                       7050 MASNUY-ST-JEAN                                                             0 0
21000700002104141702054225     0000000000050000140421001500000DON PROJETS 2021-109713                              14042107401 0
2200070000                                                                                        GEBABEBB                   1 0
2300070000BE24001022917338                  EURLECLERCQ FRANCIS                                                              0 1
31000700012104141702054225     001500001001LECLERCQ FRANCIS                                                                  1 0
3200070001BD DU TIVOLI 35                    7100 LA LOUVIERE                                                                0 0
21000800002104141431481778     0000000000010000140421001500000PROIETS 2021 1172243                                 14042107401 0
2200080000                                                                                        GEBABEBB                   1 0
2300080000BE69001485524078                  EURAMATO FILIPPA                                                                 0 1
31000800012104141431481778     001500001001AMATO FILIPPA                                                                     1 0
3200080001RUE DES REWES 11                   4420 SAINT-NICOLAS                                                              0 0
8074250013850069 EUR0BE                  0000000093176770140421                                                                0
9               000042000000000000000000000000645000                                                                           1
