0000011052120005                  L.B.SCLER.PL.ASBL/S.CENTR GEBABEBB   00424264043 00000                                       2
10101250013850069 EUR0BE                  0000000101536270100521L.B.SCLER.PL.ASBL/S.CENTR                                    101
21000100002105102143145339     0000000000046000100521002500000SOLDE RL7 CHOCOCLEFS 2020 SI TROP TARD AVANCE POUR 2011052110101 0
220001000021                                                   OU,  VERSER COMME DON              BBRUBEBBXXX        OTHR    1 0
2300010000BE80310006469077                  EURMME CATHERINE GODICHAL                                                        0 1
31000100012105102143145339     002500001001MME CATHERINE GODICHAL                                                            1 0
3200010001CHEMIN BROCTIAUX 10                1420 BRAINE-L'ALLEU                                                             0 0
21000200002105110957107542     0000000000040000100521001500000DON                                                  11052110101 0
2200020000                                                                                        GEBABEBB                   1 0
2300020000BE07001032620166                  EURDEMAY ALAIN                                                                   0 1
31000200012105110957107542     001500001001DEMAY ALAIN                                                                       1 0
3200020001CHAUSSEE DE MONS 553               1480 TUBIZE                                                                     0 0
21000300002105110854450454     0000000000010000110521001500000DON                                                  11052110101 0
2200030000                                                                                        GKCCBEBB                   1 0
2300030000BE36063994109181                  EURLIENARD LAURENCE                                                              0 1
31000300012105110854450454     001500001001LIENARD LAURENCE                                                                  1 0
3200030001RUE DU CHAINIA 86                  5081 MEUX                                                                       0 0
21000400002105110854450500     0000000000010000110521001500000DON                                                  11052110101 0
2200040000                                                                                        GKCCBEBB                   1 0
2300040000BE06792508548622                  EURCURRERI CALOGERO                                                              0 1
31000400012105110854450500     001500001001CURRERI CALOGERO                                                                  1 0
3200040001RUE DE LA HAXHE 16                 4680 OUPEYE                                                                     0 0
21000500002105111316477296     0000000000010000110521001500000                                                     11052110101 0
2200050000                                                                                        NICABEBB                   1 0
2300050000BE36103100270281                  EURM. PIERRE MATERNE                                                             0 1
31000500012105111316477296     001500001001M. PIERRE MATERNE                                                                 1 0
3200050001RUE DE LA PAIX-DIEU,1              4300 OLEYE                                                                      0 0
21000600002105110854450489     0000000000005000110521001500000                                                     11052110101 0
2200060000                                                                                        GKCCBEBB                   1 0
2300060000BE13063127342039                  EURLEMPEREUR - BRUWIER                                                           0 1
31000600012105110854450489     001500001001LEMPEREUR - BRUWIER                                                               1 0
3200060001LE HAUMONT 15                      4650 HERVE                                                                      0 0
8101250013850069 EUR0BE                  0000000101657270110521                                                                0
9               000032000000000000000000000000121000                                                                           1
