0000027062120005                  L.B.SCLER.PL.ASBL/S.CENTR GEBABEBB   00424264043 00000                                       2
10141250013850069 EUR0BE                  0000000116054140250621L.B.SCLER.PL.ASBL/S.CENTR                                    141
21000100002106271901559145     0000000000040000270621001500000RUBAN 2021                                           27062114101 0
2200010000                                                                                        GEBABEBB                   1 0
2300010000BE58271053393579                  EURJOHANSEN ANNA                                                                 0 1
31000100012106271901559145     001500001001JOHANSEN ANNA                                                                     1 0
3200010001RUE DE LA FORGE 1 0101             1341 OTTIGNIES-LOUVAIN-LA-N                                                     0 0
8141250013850069 EUR0BE                  0000000116094140270621                                                                0
9               000007000000000000000000000000040000                                                                           1
