0000016072120005                  L.B.SCLER.PL.ASBL/S.CENTR GEBABEBB   00424264043 00000                                       2
10158250013850069 EUR0BE                  0000000119100390150721L.B.SCLER.PL.ASBL/S.CENTR                                    158
21000100002107160847356607     0000000000025000160721001500000VERSEMENT MENSUEL                                    16072115801 0
2200010000                                                                                        DEUTBEBE                   1 0
2300010000BE64611579224052                  EURM+MME MICHELS - SMEYERS                                                       0 1
31000100012107160847356607     001500001001M+MME MICHELS - SMEYERS                                                           1 0
3200010001BERKENDALLAAN 125                  1800 VILVOORDE                                                                  0 0
21000200002107161023299221     0000000000020000160721001500000                                                     16072115801 0
2200020000                                                                                        NICABEBB                   1 0
2300020000BE44103021580245                  EURLEGRAND - DELBEQUE                                                            0 1
31000200012107161023299221     001500001001LEGRAND - DELBEQUE                                                                1 0
3200020001RUE PIERREUX 5                     4190 XHORIS                                                                     0 1
31000200022107161023299221     001500001008LIGUE BELGE SCLEROSE EN PL                                                        0 0
8158250013850069 EUR0BE                  0000000119145390160721                                                                0
9               000013000000000000000000000000045000                                                                           1
