0000010082120005                  L.B.SCLER.PL.ASBL/S.CENTR GEBABEBB   00424264043 00000                                       2
10176250013850069 EUR0BE                  0000000125457210090821L.B.SCLER.PL.ASBL/S.CENTR                                    176
21000100002108092343388359     0000000000100000090821002500000EN SOUVENIR DE PATRICK GILLARDIN   SYLVIE PIERRARD   10082117601 0
2200010000                                                     NOTPROVIDED                        BBRUBEBBXXX        OTHR    1 0
2300010000BE07367064360866                  EURMME SYLVIE PIERRARD                                                           0 1
31000100012108092343388359     002500001001MME SYLVIE PIERRARD                                                               1 0
3200010001RUE DE LA BOURGEOISE 4             6860 MELLIER                                                                    0 0
21000200002108092211508938     0000000000050000090821002500000EN SOUVENIR DE PATRICK GILLARDIN DE GREGORY SIMON    10082117601 0
2200020000                                                     NOTPROVIDED                        BBRUBEBBXXX        OTHR    1 0
2300020000BE12340182637092                  EURSIMON MARBEHANT                                                               0 1
31000200012108092211508938     002500001001SIMON MARBEHANT                                                                   1 0
3200020001RUE ROSENDAEL 136                  1190 FOREST                                                                     0 0
21000300002108100848587276     0000000000040000100821001500000EN SOUVENIR DE PATRICK GILLARDIN .                   10082117601 0
2200030000                                                                                        GKCCBEBB                   1 0
2300030000BE09796514002257                  EURJACQUET - CORNEROTTE                                                          0 1
31000300012108100848587276     001500001001JACQUET - CORNEROTTE                                                              1 0
3200030001RUE NOUVELLE 6                     6724 RULLES                                                                     0 0
21000400002108100848587373     0000000000005000100821001500000DON MENSUEL                                          10082117601 0
2200040000                                                                                        CPHBBE75                   1 0
2300040000BE16126204505574                  EURM., MME FLABA GIBON ALAIN                                                     0 1
31000400012108100848587373     001500001001M., MME FLABA GIBON ALAIN                                                         1 0
3200040001RUE DE LA GOULETTE 122             6200 BOUFFIOULX                                                                 0 0
8176250013850069 EUR0BE                  0000000125652210100821                                                                0
9               000022000000000000000000000000195000                                                                           1
