0000029062120005                  L.B.SCLER.PL.ASBL/S.CENTR GEBABEBB   00424264043 00000                                       2
10143250013850069 EUR0BE                  0000000116404140280621L.B.SCLER.PL.ASBL/S.CENTR                                    143
21000100002106290858117524     0000000000750000290621001500000DON-REMISE DU CHEQUE + 750 EUR A VERSER PAR L'ANAH   29062114301 0
2200010000                                                     0105-F5-ROTARY N-270621/0          GKCCBEBB                   1 0
2300010000BE35068932510537                  EURROTARY NAMUR VAL MOSAN                                                        0 1
31000100012106290858117524     001500001001ROTARY NAMUR VAL MOSAN                                                            1 0
3200010001CHEM PONT DE BRIQUES 38            5100 JAMBES (NAMUR)                                                             0 0
21000200002106291047344454     0000000000050000290621002500000                                                     29062114301 0
2200020000                                                     NOTPROVIDED                        BBRUBEBBXXX        OTHR    1 0
2300020000BE81377076308624                  EURDUBOIS LIMBOURG                                                               0 1
31000200012106291047344454     002500001001DUBOIS LIMBOURG                                                                   1 0
3200020001RUE FOSTY 20                       1470 BAISY-THY                                                                  0 0
21000300002106291808210767     0000000000030000290621002500000RUBAN 21                                             29062114301 0
2200030000                                                     NOTPROVIDED                        BBRUBEBBXXX        OTHR    1 0
2300030000BE19363120878612                  EURMME MARIE CARLIER                                                             0 1
31000300012106291808210767     002500001001MME MARIE CARLIER                                                                 1 0
3200030001DIALE COLAS 7                      6530 THUIN                                                                      0 0
8143250013850069 EUR0BE                  0000000117234140290621                                                                0
9               000017000000000000000000000000830000                                                                           1
