0000027072120005                  L.B.SCLER.PL.ASBL/S.CENTR GEBABEBB   00424264043 00000                                       2
10163250013850069 EUR0BE                  0000000119540390260721L.B.SCLER.PL.ASBL/S.CENTR                                    163
21000100002107270909549070     0000000000050000270721002500000RUBAN 2021                                           27072116301 0
2200010000                                                     NOTPROVIDED                        CREGBEBBXXX                1 0
2300010000BE02732664497440                  EURDE LANNOY-DELVAUX DE FENFFE A + L                                             0 1
31000100012107270909549070     002500001001DE LANNOY-DELVAUX DE FENFFE A + L                                                 1 0
3200010001RUE LEUMONT 1                      5300 COUTISSE                                                                   0 0
21000200002107270849006491     0000000000040000270721001500000SOUTIEN LIGUE SEP                                    27072116301 0
2200020000                                                                                        AXABBE22                   1 0
2300020000BE59700002103126                  EURDANCOT JOSEPH - DEVRIENDT ANNE MARI                                           0 1
31000200012107270849006491     001500001001DANCOT JOSEPH - DEVRIENDT ANNE MARIE                                              1 0
3200020001CLOS DE LA CENSE 5                 5101 ERPENT                                                                     0 0
8163250013850069 EUR0BE                  0000000119630390270721                                                                0
9               000012000000000000000000000000090000                                                                           1
