0000026032120005                  L.B.SCLER.PL.ASBL/S.CENTR GEBABEBB   00424264043 00000                                       2
10061250013850069 EUR0BE                  0000000091344020250321L.B.SCLER.PL.ASBL/S.CENTR                                    061
21000100002103260849162880     00000000000400002603210015000002002- 96611                                          26032106101 0
2200010000                                                     6100-20210325-3250312939           BPOTBEB1                   1 0
2300010000BE74000064961607                  EURM. EMILE VANDESANDE                                                           0 1
31000100012103260849162880     001500001001M. EMILE VANDESANDE                                                               1 0
3200010001RUE NOTRE-DAME, 40                 7890 ELLEZELLES                                                                 0 0
21000200002103261902279187     0000000000025000260321001500000200281957                                            26032106101 0
2200020000                                                                                        GEBABEBB                   1 0
2300020000BE38210076942472                  EURHULPIAU CHANTAL                                                               0 1
31000200012103261902279187     001500001001HULPIAU CHANTAL                                                                   1 0
3200020001AVENUE DU CHATEAU 58 0024          1081 KOEKELBERG                                                                 0 0
8061250013850069 EUR0BE                  0000000091409020260321                                                                0
9               000012000000000000000000000000065000                                                                           1
