0000015032120005                  L.B.SCLER.PL.ASBL/S.CENTR GEBABEBB   00424264043 00000                                       2
10055250013850069 EUR0BE                  0000000090753720140321L.B.SCLER.PL.ASBL/S.CENTR                                    055
21000100002103151519536679     0000000000100000150321001500000EN SOUVENIR DE JEAN LOUIS THEATRE                    15032105501 0
2200010000                                                     20210315CEC101003285-012057        KEYTBEBB                   1 0
2300010000BE40651158212763                  EURMELANIE RONSSE                                                                0 1
31000100012103151519536679     001500001001MELANIE RONSSE                                                                    1 0
3200010001RUE DE L'EGLISE 2B2                1421 BRAINE-L'ALLEUD                                                            0 0
21000200002103151519536625     0000000000040000150321001500000EN SOUVENIR DE JEAN-LOUIS THEATRE, DE ELISE MOZZON   15032105501 0
2200020000                                                     20210315CEC101003285-012056        KEYTBEBB                   1 0
2300020000BE40651158212763                  EURMELANIE RONSSE                                                                0 1
31000200012103151519536625     001500001001MELANIE RONSSE                                                                    1 0
3200020001RUE DE L'EGLISE 2B2                1421 BRAINE-L'ALLEUD                                                            0 0
21000300002103150848174990     0000000000020000150321001500000                                                     15032105501 0
2200030000                                                                                        BBRUBEBB                   1 0
2300030000BE11363137469248                  EURM EDOUARD NIFFLE                                                              0 1
31000300012103150848174990     001500001001M EDOUARD NIFFLE                                                                  1 0
3200030001RUE SUR LA FONTAINE 114            4000 LIEGE                                                                      0 0
21000400002103150956509984     0000000000020000150321001500000                                                     15032105501 0
2200040000                                                     170777949                          GEBABEBB                   1 0
2300040000BE12240057316492                  EURDOUTREWE JEAN                                                                 0 1
31000400012103150956509984     001500001001DOUTREWE JEAN                                                                     1 0
3200040001RUE NOUWEN 21                      4690 BASSENGE                                                                   0 0
21000500002103150956510042     0000000000015000150321001500000DON MENSUEL                                          15032105501 0
2200050000                                                     033868830                          GEBABEBB                   1 0
2300050000BE44001142179545                  EURDE SMEDT-STAS                                                                 0 1
31000500012103150956510042     001500001001DE SMEDT-STAS                                                                     1 0
3200050001I. CROKAERTSTRAAT 280              1731 ASSE                                                                       0 0
21000600002103150956509938     00000000000050001503210015000000502-110412                                          15032105501 0
2200060000                                                     063496306                          GEBABEBB                   1 0
2300060000BE41210012023810                  EURMME ADELE LARSILLE                                                            0 1
31000600012103150956509938     001500001001MME ADELE LARSILLE                                                                1 0
3200060001AV.D'HOMBORCHVELD 88               1180 UCCLE                                                                      0 0
21000700002103150848174969     00000000000035001503210015000001102 - 112815                                        15032105501 0
2200070000                                                                                        BBRUBEBB                   1 0
2300070000BE07310082283166                  EURMME ROSANE BULLMAN                                                            0 1
31000700012103150848174969     001500001001MME ROSANE BULLMAN                                                                1 0
3200070001PARVIS ST PIERRE 12                1180 UCCLE                                                                      0 0
8055250013850069 EUR0BE                  0000000090957220150321                                                                0
9               000037000000000000000000000000203500                                                                           1
