0000008012120005                  L.B.SCLER.PL.ASBL/S.CENTR GEBABEBB   00424264043 00000                                       2
10007250013850069 EUR0BE                  0000000137820730070121L.B.SCLER.PL.ASBL/S.CENTR                                    007
21000100002101072232576196     1000000000069760010121080090000                                                     08012100701 0
2200010000                                                                  0000000001161                                    0 0
21000200002101072228122344     1000000000010000010121080330000                                                     08012100701 0
2200020000                                                                  0000000001161                                    0 0
8007250013850069 EUR0BE                  0000000137740970080121                                                                0
9               000006000000000079760000000000000000                                                                           1
