0000022062120005                  L.B.SCLER.PL.ASBL/S.CENTR GEBABEBB   00424264043 00000                                       2
10137250013850069 EUR0BE                  0000000114939140210621L.B.SCLER.PL.ASBL/S.CENTR                                    137
21000100002106221610136085     0000000000500000220621002500000DONNATION                                            22062113701 0
2200010000                                                     NOTPROVIDED                        BBRUBEBBXXX        OTHR    1 0
2300010000BE46310060416336                  EURMME MARTINE GODICHAL                                                          0 1
31000100012106221610136085     002500001001MME MARTINE GODICHAL                                                              1 0
3200010001RUE DU BATY 82                     1428 LILLOIS-WITTER                                                             0 0
21000200002106220850234427     0000000000100000220621001500000SOUTIEN A STEPHANIE                                  22062113701 0
2200020000                                                                                        GKCCBEBB                   1 0
2300020000BE09063096924657                  EURPOIDLIN - HAUDIN                                                              0 1
31000200012106220850234427     001500001001POIDLIN - HAUDIN                                                                  1 0
3200020001RUE DES THUYAS 28                  1170 WATERMAEL-BOITSFORT                                                        0 0
21000300002106221030336712     0000000000100000220621002500000RUBAN 2021                                           22062113701 0
2200030000                                                     NOTPROVIDED                        CREGBEBBXXX                1 0
2300030000BE92732047653323                  EURHUGO FRANCINE                                                                 0 1
31000300012106221030336712     002500001001HUGO FRANCINE                                                                     1 0
3200030001RUE DE LA BORBOTTE 8               4960 MALMEDY                                                                    0 0
8137250013850069 EUR0BE                  0000000115639140220621                                                                0
9               000017000000000000000000000000700000                                                                           1
