0000001062120005                  L.B.SCLER.PL.ASBL/S.CENTR GEBABEBB   00424264043 00000                                       2
10118250013850069 EUR0BE                  0000000106219520310521L.B.SCLER.PL.ASBL/S.CENTR                                    118
21000100002106010856146959     0000000000100000010621001500000RUBAN 2021                                           01062111801 0
2200010000                                                                                        GKCCBEBB                   1 0
2300010000BE90063506572532                  EURBAUER STEPHANE                                                                0 1
31000100012106010856146959     001500001001BAUER STEPHANE                                                                    1 0
3200010001RUE DE L'ETANG 127                 1040 ETTERBEEK                                                                  0 0
21000200002106010856147875     0000000000100000010621001500000DON   RUBAN 2021  MERCI POUR CE QUEVOUS FAITES       01062111801 0
2200020000                                                                                        GKCCBEBB                   1 0
2300020000BE52063096134109                  EURCARDINAL - HOUBRECHTS                                                         0 1
31000200012106010856147875     001500001001CARDINAL - HOUBRECHTS                                                             1 0
3200020001AVENUE DU CHATEAU 118/6            1081 BRUXELLES                                                                  0 0
21000300002106010856147785     0000000000050000010621001500000                                                     01062111801 0
2200030000                                                                                        GKCCBEBB                   1 0
2300030000BE39792534990519                  EURCOX - VONCKEN                                                                 0 1
31000300012106010856147785     001500001001COX - VONCKEN                                                                     1 0
3200030001RUE DES TROIS FERMES 26            4600 VISE                                                                       0 0
21000400002106010856147809     0000000000050000010621001500000RUBAN 2021                                           01062111801 0
2200040000                                                                                        GKCCBEBB                   1 0
2300040000BE43063882085501                  EURGARCIA-CONDE WILLS MARIA                                                      0 1
31000400012106010856147809     001500001001GARCIA-CONDE WILLS MARIA                                                          1 0
3200040001AV R.VANDENDRIESSCHE 10/11         1150 BRUXELLES                                                                  0 0
21000500002106010856147841     0000000000050000010621001500000RUBAN 2021                                           01062111801 0
2200050000                                                                                        GKCCBEBB                   1 0
2300050000BE97062039003049                  EURWILLEMS LOUISE                                                                0 1
31000500012106010856147841     001500001001WILLEMS LOUISE                                                                    1 0
3200050001RUE DE L'HEROISME 28               1090 JETTE                                                                      0 0
21000600002106010856146921     0000000000040000010621001500000RUBAN 2021                                           01062111801 0
2200060000                                                                                        GKCCBEBB                   1 0
2300060000BE52063059118909                  EURSTAQUET PASCALE                                                               0 1
31000600012106010856146921     001500001001STAQUET PASCALE                                                                   1 0
3200060001RUE DE ROPAIX 245                  7370 DOUR                                                                       0 0
21000700002106010856147852     0000000000040000010621001500000RUBAN 2021                                           01062111801 0
2200070000                                                     6100-20210531-5310303636           BPOTBEB1                   1 0
2300070000BE52000066203409                  EURM. PAUL BASTIN                                                                0 1
31000700012106010856147852     001500001001M. PAUL BASTIN                                                                    1 0
3200070001AVENUE DE LA CLOSIERE,39           1410 WATERLOO                                                                   0 0
21000800002106011518147689     0000000000040000010621001500000RUBAN 2021                         DON               01062111801 0
2200080000                                                                                        BBRUBEBB                   1 0
2300080000BE34340027145890                  EURM ET MME YVES BODSON HENRY                                                    0 1
31000800012106011518147689     001500001001M ET MME YVES BODSON HENRY                                                        1 0
3200080001ROUTE DU CONDROZ 6                 4122 PLAINEVAUX                                                                 0 0
21000900002106010856146974     0000000000020000010621001500000RUBAN 2021                                           01062111801 0
2200090000                                                                                        GKCCBEBB                   1 0
2300090000BE29061952335064                  EURCAUDRON NADINE                                                                0 1
31000900012106010856146974     001500001001CAUDRON NADINE                                                                    1 0
3200090001RUE LOUIS LANGLOIS 14              7322 POMMEROEUL                                                                 0 0
21001000002106010856147826     0000000000020000010621001500000RUBAN2021                                            01062111801 0
2200100000                                                                                        GKCCBEBB                   1 0
2300100000BE70063553936925                  EURBOUILLON - DASNOY                                                             0 1
31001000012106010856147826     001500001001BOUILLON - DASNOY                                                                 1 0
3200100001RUE NICOLAI 16                     6820 FLORENVILLE                                                                0 0
21001100002106010856147861     0000000000010000010621001500000DON MENSUEL                                          01062111801 0
2200110000                                                                                        BBRUBEBB                   1 0
2300110000BE45363169706489                  EURMME FRANCOISE BUREAU                                                          0 1
31001100012106010856147861     001500001001MME FRANCOISE BUREAU                                                              1 0
3200110001OUDE VIERSCHAARSTRAAT 26           9831 DEURLE                                                                     0 0
21001200002106010958342278     0000000000010000310521001500000DON                                                  01062111801 0
2200120000                                                                                        GEBABEBB                   1 0
2300120000BE70001230796725                  EURSPAUTE CATHERINE                                                              0 1
31001200012106010958342278     001500001001SPAUTE CATHERINE                                                                  1 0
3200120001RUE ADRIEN VICTOR 15               6750 MUSSON                                                                     0 0
21001300002106011318059733     0000000000010000010621001500000                                                     01062111801 0
2200130000                                                                                        CPHBBE75                   1 0
2300130000BE09126208606957                  EURM. DECROIX BENJAMIN                                                           0 1
31001300012106011318059733     001500001001M. DECROIX BENJAMIN                                                               1 0
3200130001RUE DES HAUCHIES 59                6010 COUILLET                                                                   0 0
21001400002106010856147000     0000000000005000010621001500000RUBAN 2021                                           01062111801 0
2200140000                                                                                        GKCCBEBB                   1 0
2300140000BE02061674447040                  EURBUNTINX CHRISTIAN                                                             0 1
31001400012106010856147000     001500001001BUNTINX CHRISTIAN                                                                 1 0
3200140001PASTOOR BERNAERTSSTR 12            1500 HALLE                                                                      0 0
8118250013850069 EUR0BE                  0000000106764520010621                                                                0
9               000072000000000000000000000000545000                                                                           1
