0000024032120005                  L.B.SCLER.PL.ASBL/S.CENTR GEBABEBB   00424264043 00000                                       2
10059250013850069 EUR0BE                  0000000091199720180321L.B.SCLER.PL.ASBL/S.CENTR                                    059
21000100002103240848369055     0000000000005000240321001500000                                                     24032105901 0
2200010000                                                                                        GKCCBEBB                   1 0
2300010000BE30063059875711                  EURVAN RUYMBEKE CARINE                                                           0 1
31000100012103240848369055     001500001001VAN RUYMBEKE CARINE                                                               1 0
3200010001RUE ARTAN 152                      1030 BRUXELLES                                                                  0 0
8059250013850069 EUR0BE                  0000000091204720240321                                                                0
9               000007000000000000000000000000005000                                                                           1
