0000026012120005                  L.B.SCLER.PL.ASBL/S.CENTR GEBABEBB   00424264043 00000                                       2
10016250013850069 EUR0BE                  0000000138109220250121L.B.SCLER.PL.ASBL/S.CENTR                                    016
21000100002101260851476039     0000000000005000260121001500000                                                     26012101601 0
2200010000                                                                                        GKCCBEBB                   1 0
2300010000BE30063059875711                  EURVAN RUYMBEKE CARINE                                                           0 1
31000100012101260851476039     001500001001VAN RUYMBEKE CARINE                                                               1 0
3200010001RUE ARTAN 152                      1030 BRUXELLES                                                                  0 0
8016250013850069 EUR0BE                  0000000138114220260121                                                                0
9               000007000000000000000000000000005000                                                                           1
