0000004082120005                  L.B.SCLER.PL.ASBL/S.CENTR GEBABEBB   00424264043 00000                                       2
10170250013850069 EUR0BE                  0000000120286210030821L.B.SCLER.PL.ASBL/S.CENTR                                    170
21000100002108041645198604     0000000000070000040821002500000SOUVENIRS DE PATRICK  GILLARDIN                      04082117001 0
2200010000                                                     NOTPROVIDED                        BBRUBEBBXXX        OTHR    1 0
2300010000BE91930010225076                  EURDENEVE-BOULANGER                                                              0 1
31000100012108041645198604     002500001001DENEVE-BOULANGER                                                                  1 0
3200010001RUE DES ORLAIS 9                   6860 MELLIER                                                                    0 0
21000200002108041023431974     0000000000050000040821001500000EN SOUVENIR DE PATRICK GILLARDIN                     04082117001 0
2200020000                                                                                        NICABEBB                   1 0
2300020000BE31103027740755                  EURMME VALENTINE GUYOT                                                           0 1
31000200012108041023431974     001500001001MME VALENTINE GUYOT                                                               1 0
3200020001RUE DU MANCHOT,7                   6860 MELLIER                                                                    0 0
21000300002108041432515743     0000000000050000040821001500000EN SOUVENIR DE PATRICK  GILLARDIN                    04082117001 0
2200030000                                                                                        GEBABEBB                   1 0
2300030000BE03001121716484                  EURGOEDERT ANNIE                                                                 0 1
31000300012108041432515743     001500001001GOEDERT ANNIE                                                                     1 0
3200030001RUE DES GRANDS-MECHES 2            6724 HABAY                                                                      0 0
21000400002108041516508909     0000000000050000040821001500000EN SOUVENIR DE PATRICK GILLARDIN                     04082117001 0
2200040000                                                                                        AXABBE22                   1 0
2300040000BE67700048029087                  EURHUBERMONT POL                                                                 0 1
31000400012108041516508909     001500001001HUBERMONT POL                                                                     1 0
3200040001LA CAMPAGNETTE 4                   6900 MARCHE-EN-FAMENNE                                                          0 0
21000500002108041903183714     0000000000025000040821001500000EN SOUVENIR DE PATRICK GILLARDIN                     04082117001 0
2200050000                                                                                        GEBABEBB                   1 0
2300050000BE38001668737072                  EURLIEFFRIG ELENA                                                                0 1
31000500012108041903183714     001500001001LIEFFRIG ELENA                                                                    1 0
3200050001RUE DE MAYAVAUX 14                 6870 SAINT-HUBERT                                                               0 0
21000600002108040851113758     0000000000010000040821001500000SEP DON MENSUEL PONCHAUX MICHELLE                    04082117001 0
2200060000                                                                                        BPOTBEB1                   1 0
2300060000BE46000074470536                  EURPONCHAUX MICHELLE                                                             0 1
31000600012108040851113758     001500001001PONCHAUX MICHELLE                                                                 1 0
3200060001RUE PIERRE HANS, 59 A1             6040 JUMET                                                                      0 1
31000600022108040851113758     001500001008LIGUE B DE LA SCLEROSE EN PLAQUES                                                 0 1
31000600032108040851113758     001500001009MME PONCHAUX MICHELLE                                                             0 0
21000700002108041516508893     0000000000010000040821001500000M PIERRE YVES NEUVILLE                               04082117001 0
2200070000                                                     VZ12153V1DER5X01                   CTBKBEBX                   1 0
2300070000BE48953146863827                  EURM PIERRE YVES NEUVILLE                                                        0 1
31000700012108041516508893     001500001001M PIERRE YVES NEUVILLE                                                            1 0
3200070001RUE HECTOR-DENIS 52                4031 ANGLEUR                                                                    0 0
21000800002108040851113781     0000000000005500040821001500000DON                                                  04082117001 0
2200080000                                                                                        GKCCBEBB                   1 0
2300080000BE88063172689741                  EURCERVELLIN SOPHIE                                                              0 1
31000800012108040851113781     001500001001CERVELLIN SOPHIE                                                                  1 0
3200080001CHAUSSEE DE GILLY 125/1            6043 RANSART                                                                    0 0
8170250013850069 EUR0BE                  0000000120556710040821                                                                0
9               000044000000000000000000000000270500                                                                           1
