0000009032120005                  L.B.SCLER.PL.ASBL/S.CENTR GEBABEBB   00424264043 00000                                       2
10050250013850069 EUR0BE                  0000000090538720080321L.B.SCLER.PL.ASBL/S.CENTR                                    050
21000100002103090956248100     00000000000050000903210015000000402-91783 DON MENSUEL                               09032105001 0
2200010000                                                     050987657                          GEBABEBB                   1 0
2300010000BE54001101231397                  EURHOFMAN JEANNE                                                                 0 1
31000100012103090956248100     001500001001HOFMAN JEANNE                                                                     1 0
3200010001RUE THIER DU RY 35                 4671 BLEGNY                                                                     0 0
8050250013850069 EUR0BE                  0000000090543720090321                                                                0
9               000007000000000000000000000000005000                                                                           1
