0000031032120005                  L.B.SCLER.PL.ASBL/S.CENTR GEBABEBB   00424264043 00000                                       2
10065250013850069 EUR0BE                  0000000091684020300321L.B.SCLER.PL.ASBL/S.CENTR                                    065
21000100002103310853476750     00000000000050003103210015000001902                                                 31032106501 0
2200010000                                                                                        GKCCBEBB                   1 0
2300010000BE22063019304247                  EURLAGNEAUX - FLORA                                                              0 1
31000100012103310853476750     001500001001LAGNEAUX - FLORA                                                                  1 0
3200010001RUE D'ELVAUX 66                    4650 HERVE                                                                      0 0
21000200002103310957138436     00000000000050003103210015000001802 115218                                          31032106501 0
2200020000                                                     173340332                          GEBABEBB                   1 0
2300020000BE95144056151158                  EURNANIOT CHRISTIAN                                                              0 1
31000200012103310957138436     001500001001NANIOT CHRISTIAN                                                                  1 0
3200020001RUE FETIS 26 402                   5500 DINANT                                                                     0 0
21000300002103310957138523     0000000000005000310321001500000                                                     31032106501 0
2200030000                                                     118113682                          GEBABEBB                   1 0
2300030000BE74210080476407                  EURDUBRULLE PIERRE                                                               0 1
31000300012103310957138523     001500001001DUBRULLE PIERRE                                                                   1 0
3200030001AVENUE VAN SEVER 74                1970 WEZEMBEEK-OPPEM                                                            0 0
8065250013850069 EUR0BE                  0000000091699020310321                                                                0
9               000017000000000000000000000000015000                                                                           1
