0000008052120005                  L.B.SCLER.PL.ASBL/S.CENTR GEBABEBB   00424264043 00000                                       2
10098250013850069 EUR0BE                  0000000101381270070521L.B.SCLER.PL.ASBL/S.CENTR                                    098
21000100002105071947381334     0000000000050000070521002500000PROJETS 2021. 107690                                 08052109801 0
2200010000                                                     NOTPROVIDED                        ARSPBE22XXX                1 0
2300010000BE85979617385706                  EURCOLETTE THIRY                                                                 0 1
31000100012105071947381334     002500001001COLETTE THIRY                                                                     1 0
3200010001RUE ADRIEN DE PREMOREL 8           6950 NASSOGNE                                                                   0 0
8098250013850069 EUR0BE                  0000000101431270080521                                                                0
9               000007000000000000000000000000050000                                                                           1
