0000022102120005                  L.B.SCLER.PL.ASBL/S.CENTR GEBABEBB   00424264043 00000                                       2
10243250013850069 EUR0BE                  0000000107999160211021L.B.SCLER.PL.ASBL/S.CENTR                                    243
21000100002110221101406826     0000000000042000221021001500000CADEAU                                               22102124301 0
2200010000                                                                                        GEBABEBB                   1 0
2300010000BE46001101933336                  EURGILLES EDITH                                                                  0 1
31000100012110221101406826     001500001001GILLES EDITH                                                                      1 0
3200010001RUE CAMILLE CALS 25                5030 GEMBLOUX                                                                   0 0
8243250013850069 EUR0BE                  0000000108041160221021                                                                0
9               000007000000000000000000000000042000                                                                           1
