0000007022120005                  L.B.SCLER.PL.ASBL/S.CENTR GEBABEBB   00424264043 00000                                       2
10027250013850069 EUR0BE                  0000000138749220060221L.B.SCLER.PL.ASBL/S.CENTR                                    027
21000100002102071216227139     0000000000020000070221001500000MATHS FRANCINE                                       07022102701 0
2200010000                                                     174883106                          GEBABEBB                   1 0
2300010000BE64001130161952                  EURMATHYS FRANCINE                                                               0 1
31000100012102071216227139     001500001001MATHYS FRANCINE                                                                   1 0
3200010001RUE DE METTET 114 0021             5620 FLORENNES                                                                  0 0
21000200002102071216227486     0000000000020000070221001500000DON                                                  07022102701 0
2200020000                                                     174901108                          GEBABEBB                   1 0
2300020000BE58240017011679                  EURLEMESTREZ ANDRE                                                               0 1
31000200012102071216227486     001500001001LEMESTREZ ANDRE                                                                   1 0
3200020001RUE DES AMERICAINS 10 0001         4432 ANS                                                                        0 0
21000300002102071216227506     0000000000010000070221001500000                                                     07022102701 0
2200030000                                                     174619255                          GEBABEBB                   1 0
2300030000BE43001311973601                  EURUDA CARLA                                                                     0 1
31000300012102071216227506     001500001001UDA CARLA                                                                         1 0
3200030001RUE GENERAL LEMAN 82 000-A         6044 CHARLEROI                                                                  0 0
8027250013850069 EUR0BE                  0000000138799220070221                                                                0
9               000017000000000000000000000000050000                                                                           1
