0000012032120005                  L.B.SCLER.PL.ASBL/S.CENTR GEBABEBB   00424264043 00000                                       2
10053250013850069 EUR0BE                  0000000090573720110321L.B.SCLER.PL.ASBL/S.CENTR                                    053
21000100002103121216199528     0000000000100000120321001500000DON                                                  12032105301 0
2200010000                                                                                        GEBABEBB                   1 0
2300010000BE53001635173153                  EURBRINESAN SA                                                                   0 1
31000100012103121216199528     001500001001BRINESAN SA                                                                       1 0
3200010001AV.DE TERVUEREN 186 1 19           1150 BRUXELLES                                                                  0 0
21000200002103121547510711     0000000000040000120321001500000DON 2021                                             12032105301 0
2200020000                                                                                        GEBABEBB                   1 0
2300020000BE06001070775522                  EURHOLLEMAERT JEAN                                                               0 1
31000200012103121547510711     001500001001HOLLEMAERT JEAN                                                                   1 0
3200020001RUE HAUTE BOURLOTTE 38             7830 SILLY                                                                      0 0
8053250013850069 EUR0BE                  0000000090713720120321                                                                0
9               000012000000000000000000000000140000                                                                           1
