0000017052120005                  L.B.SCLER.PL.ASBL/S.CENTR GEBABEBB   00424264043 00000                                       2
10106250013850069 EUR0BE                  0000000102155770150521L.B.SCLER.PL.ASBL/S.CENTR                                    106
21000100002105170853475555     0000000000100000170521001500000PROTFRS 2021 - 117452                                17052110601 0
2200010000                                                     6100-20210512-5120302893           BPOTBEB1                   1 0
2300010000BE65000064165496                  EURMME ANITA LEDRU                                                               0 1
31000100012105170853475555     001500001001MME ANITA LEDRU                                                                   1 0
3200010001RUE MAX ELOY(S),3                  7332 SAINT-GHISLAIN                                                             0 0
21000200002105171025437159     0000000000100000170521001500000                                                     17052110601 0
2200020000                                                                                        AXABBE22                   1 0
2300020000BE82800218035668                  EURVANDERSMISSEN FRANCOISE                                                       0 1
31000200012105171025437159     001500001001VANDERSMISSEN FRANCOISE                                                           1 0
3200020001RUE SAINT-MARCOULT 37              7830 SILLY                                                                      0 0
21000300002105171546331223     0000000000100000170521001500000DON                                                  17052110601 0
2200030000                                                                                        GEBABEBB                   1 0
2300030000BE06001497303922                  EURDE MEYER-LEMAIRE                                                              0 1
31000300012105171546331223     001500001001DE MEYER-LEMAIRE                                                                  1 0
3200030001CHEM.DU FOUBERTSART 183            7860 LESSINES                                                                   0 0
21000400002105170956351220     0000000000040000170521001500000PROJETS 2021- 114150                                 17052110601 0
2200040000                                                                                        GEBABEBB                   1 0
2300040000BE05260035939175                  EURDEBAUVE NICOLE                                                                0 1
31000400012105170956351220     001500001001DEBAUVE NICOLE                                                                    1 0
3200040001RUE BOIS DU CORBEAU 15             6220 FLEURUS                                                                    0 0
21000500002105170853475601     0000000000020000170521001500000                                                     17052110601 0
2200050000                                                                                        BBRUBEBB                   1 0
2300050000BE11363137469248                  EURM EDOUARD NIFFLE                                                              0 1
31000500012105170853475601     001500001001M EDOUARD NIFFLE                                                                  1 0
3200050001RUE SUR LA FONTAINE 114            4000 LIEGE                                                                      0 0
21000600002105171518215281     0000000000020000170521001500000DON ANNUEL                                           17052110601 0
2200060000                                                     20210517CEC101003326-020596        KEYTBEBB                   1 0
2300060000BE78651153035286                  EURRAYMOND FABRY                                                                 0 1
31000600012105171518215281     001500001001RAYMOND FABRY                                                                     1 0
3200060001SQUARE DES ARCHIDUCS 7AB3          1170 WATERMAEL-BOITSFORT                                                        0 0
8106250013850069 EUR0BE                  0000000102535770170521                                                                0
9               000032000000000000000000000000380000                                                                           1
