0000028032120005                  L.B.SCLER.PL.ASBL/S.CENTR GEBABEBB   00424264043 00000                                       2
10062250013850069 EUR0BE                  0000000091409020260321L.B.SCLER.PL.ASBL/S.CENTR                                    062
21000100002103280956442348     0000000000020000280321001500000AIDE A LA RECHERCHE                                  28032106201 0
2200010000                                                     174992621                          GEBABEBB                   1 0
2300010000BE84240028213159                  EURNEY MONIQUE                                                                   0 1
31000100012103280956442348     001500001001NEY MONIQUE                                                                       1 0
3200010001RUE JULES CLASKIN 16               4460 GRACE-HOLLOGNE                                                             0 0
8062250013850069 EUR0BE                  0000000091429020280321                                                                0
9               000007000000000000000000000000020000                                                                           1
