0000001012120005                  L.B.SCLER.PL.ASBL/S.CENTR GEBABEBB   00424264043 00000                                       2
10001250013850069 EUR0BE                  0000000137012730311220L.B.SCLER.PL.ASBL/S.CENTR                                    001
21000100002101011431351120     00000000000400000101210015000002002-93090                                           01012100101 0
2200010000                                                                                        GEBABEBB                   1 0
2300010000BE25240010668182                  EURDABOMPREZ MARIE                                                               0 1
31000100012101011431351120     001500001001DABOMPREZ MARIE                                                                   1 0
3200010001RUE DE LA CHAPELLE 5               4540 AMAY                                                                       0 0
8001250013850069 EUR0BE                  0000000137052730010121                                                                0
9               000007000000000000000000000000040000                                                                           1
