0000004022120005                  L.B.SCLER.PL.ASBL/S.CENTR GEBABEBB   00424264043 00000                                       2
10024250013850069 EUR0BE                  0000000138706220030221L.B.SCLER.PL.ASBL/S.CENTR                                    024
21000100002102040848426839     0000000000010000040221001500000SEP DON MENSUEL PONCHAUX MICHELLE                    04022102401 0
2200010000                                                                                        BPOTBEB1                   1 0
2300010000BE46000074470536                  EURPONCHAUX MICHELLE                                                             0 1
31000100012102040848426839     001500001001PONCHAUX MICHELLE                                                                 1 0
3200010001RUE PIERRE HANS, 59 A1             6040 JUMET                                                                      0 1
31000100022102040848426839     001500001008LIGUE B DE LA SCLEROSE EN PLAQUES                                                 0 1
31000100032102040848426839     001500001009MME PONCHAUX MICHELLE                                                             0 0
21000200002102040848426810     0000000000005500040221001500000DON                                                  04022102401 0
2200020000                                                                                        GKCCBEBB                   1 0
2300020000BE88063172689741                  EURCERVELLIN SOPHIE                                                              0 1
31000200012102040848426810     001500001001CERVELLIN SOPHIE                                                                  1 0
3200020001CHAUSSEE DE GILLY 125/1            6043 RANSART                                                                    0 0
8024250013850069 EUR0BE                  0000000138721720040221                                                                0
9               000014000000000000000000000000015500                                                                           1
