0000013122120005                  L.B.SCLER.PL.ASBL/S.CENTR GEBABEBB   00424264043 00000                                       2
10292250013850069 EUR0BE                  0000000123705920121221L.B.SCLER.PL.ASBL/S.CENTR                                    292
21000100002112130854025935     00000000001000001312210015000002102-114196                                          13122129201 0
2200010000                                                                                        CELLLULL                   1 0
2300010000LU290141529174700000              EURPARING RENE                                                                   0 1
31000100012112130854025935     001500001001PARING RENE                                                                       1 0
3200010001RUE DES SOEURS FRANCISCAINES 2     L-7569 MERSCH                                                                   0 0
21000200002112131746548098     0000000000070000131221001500000DON 2021                                             13122129201 0
2200020000                                                                                        GEBABEBB                   1 0
2300020000BE27001000872773                  EURLANGLET RENE                                                                  0 1
31000200012112131746548098     001500001001LANGLET RENE                                                                      1 0
3200020001RUE DUYSBURGH 27 RC1-G             1090 JETTE                                                                      0 0
21000300002112130854025919     0000000000060000131221001500000                                                     13122129201 0
2200030000                                                                                        BPOTBEB1                   1 0
2300030000BE11000037010348                  EURM. YVON LEJEUNE                                                               0 1
31000300012112130854025919     001500001001M. YVON LEJEUNE                                                                   1 0
3200030001ALLEE DES HOUX, 16                 4680 OUPEYE                                                                     0 0
21000400002112130854025697     0000000000050000131221001500000                                                     13122129201 0
2200040000                                                                                        BBRUBEBB                   1 0
2300040000BE60340057417570                  EURBORENSZTEIN-ADAM                                                              0 1
31000400012112130854025697     001500001001BORENSZTEIN-ADAM                                                                  1 0
3200040001RUE HARDUEMONT 11                  4357 DONCEEL                                                                    0 0
21000500002112130957121284     00000000000420001312210015000002102-118142                                          13122129201 0
2200050000                                                                                        GEBABEBB                   1 0
2300050000BE50001004262218                  EURPARACHE JOSEPH                                                                0 1
31000500012112130957121284     001500001001PARACHE JOSEPH                                                                    1 0
3200050001MONTAUBAN 9                        6840 NEUFCHATEAU                                                                0 0
21000600002112130854025903     00000000000400001312210015000002103-90527                                           13122129201 0
2200060000                                                                                        BBRUBEBB                   1 0
2300060000BE98370013697093                  EURMME DOMINIQUE DUBOIS                                                          0 1
31000600012112130854025903     001500001001MME DOMINIQUE DUBOIS                                                              1 0
3200060001AV GOUVERNEUR CORNEZ 9/23          7000 MONS                                                                       0 0
21000700002112131603056560     0000000000040000131221002500000DON VEUILLEZ ENVOYER ATTESTATION FISCALE             13122129201 0
2200070000                                                     NOTPROVIDED                        BBRUBEBBXXX        OTHR    1 0
2300070000BE15310006774730                  EURGOLDSCHMIDT MASSART                                                           0 1
31000700012112131603056560     002500001001GOLDSCHMIDT MASSART                                                               1 0
3200070001AV SWARTENBROUCK 5                 1090 JETTE                                                                      0 0
21000800002112130854025775     0000000000010000131221001500000DON                                                  13122129201 0
2200080000                                                                                        GKCCBEBB                   1 0
2300080000BE06792508548622                  EURCURRERI CALOGERO                                                              0 1
31000800012112130854025775     001500001001CURRERI CALOGERO                                                                  1 0
3200080001RUE DE LA HAXHE 16                 4680 OUPEYE                                                                     0 0
21000900002112130854025881     0000000000010000131221001500000DON                                                  13122129201 0
2200090000                                                                                        GKCCBEBB                   1 0
2300090000BE36063994109181                  EURLIENARD LAURENCE                                                              0 1
31000900012112130854025881     001500001001LIENARD LAURENCE                                                                  1 0
3200090001RUE DU CHAINIA 86                  5081 MEUX                                                                       0 0
21001000002112130854025723     0000000000005000131221001500000                                                     13122129201 0
2200100000                                                                                        GKCCBEBB                   1 0
2300100000BE13063127342039                  EURLEMPEREUR - BRUWIER                                                           0 1
31001000012112130854025723     001500001001LEMPEREUR - BRUWIER                                                               1 0
3200100001LE HAUMONT 15                      4650 HERVE                                                                      0 0
8292250013850069 EUR0BE                  0000000124132920131221                                                                0
9               000052000000000000000000000000427000                                                                           1
