0000025012120005                  L.B.SCLER.PL.ASBL/S.CENTR GEBABEBB   00424264043 00000                                       2
10015250013850069 EUR0BE                  0000000138099220210121L.B.SCLER.PL.ASBL/S.CENTR                                    015
21000100002101250956366067     0000000000005000250121001500000115564 PROJET 2021                                   25012101501 0
2200010000                                                     174964302                          GEBABEBB                   1 0
2300010000BE13210069033639                  EURHENRI F.PETIT                                                                 0 1
31000100012101250956366067     001500001001HENRI F.PETIT                                                                     1 0
3200010001R. GARE DE RAMILLIES 33            1367 RAMILLIES                                                                  0 0
21000200002101250956366181     0000000000005000250121001500000ORDRE PERMANENT                    EXONERATION       25012101501 0
2200020000                                                     170040849                          GEBABEBB                   1 0
2300020000BE93001014432767                  EURBOEMBEKE JEAN-MARIE                                                           0 1
31000200012101250956366181     001500001001BOEMBEKE JEAN-MARIE                                                               1 0
3200020001RUE FRECHE 7                       6000 CHARLEROI                                                                  0 0
8015250013850069 EUR0BE                  0000000138109220250121                                                                0
9               000012000000000000000000000000010000                                                                           1
