0000021042120005                  L.B.SCLER.PL.ASBL/S.CENTR GEBABEBB   00424264043 00000                                       2
10081250013850069 EUR0BE                  0000000096600270200421L.B.SCLER.PL.ASBL/S.CENTR                                    081
21000100002104210853286779     0000000000050000210421001500000PROTFRS 2021 - 98172                                 21042108101 0
2200010000                                                     6100-20210420-4200304648           BPOTBEB1                   1 0
2300010000BE74000124354707                  EURM. JACQUES GEORIS                                                             0 1
31000100012104210853286779     001500001001M. JACQUES GEORIS                                                                 1 0
3200010001NEUVILLE, 58                       6690 VIELSALM                                                                   0 0
21000200002104201940182811     0000000000040000200421002500000PROJETS 2022-1126766                                 21042108101 0
2200020000                                                     NOTPROVIDED                        BBRUBEBBXXX        OTHR    1 0
2300020000BE12363195877392                  EURMME ELISABETH WURTH                                                           0 1
31000200012104201940182811     002500001001MME ELISABETH WURTH                                                               1 0
3200020001AV ORBAN 109                       1150 WOLUWE-ST-PIER                                                             0 0
21000300002104210853287528     0000000000040000210421001500000PROJETS 2021   1158212                               21042108101 0
2200030000                                                                                        GKCCBEBB                   1 0
2300030000BE26063069723029                  EURHOUSSA SABINE                                                                 0 1
31000300012104210853287528     001500001001HOUSSA SABINE                                                                     1 0
3200030001VOIE DE LA FOURCHE 15              4100 SERAING                                                                    0 0
8081250013850069 EUR0BE                  0000000096730270210421                                                                0
9               000017000000000000000000000000130000                                                                           1
