0000002072120005                  L.B.SCLER.PL.ASBL/S.CENTR GEBABEBB   00424264043 00000                                       2
10146250013850069 EUR0BE                  0000000117699140010721L.B.SCLER.PL.ASBL/S.CENTR                                    146
21000100002107020848591217     0000000000040000020721001500000PROJETS 2021-84072                                   02072114601 0
2200010000                                                                                        BPOTBEB1                   1 0
2300010000BE61000068522517                  EURMLLE GENEVIEVE DUPRIEZ                                                        0 1
31000100012107020848591217     001500001001MLLE GENEVIEVE DUPRIEZ                                                            1 0
3200010001RUE DE LA NEUVILLE, 54/02          1348 LOUVAIN-LA-NEUVE                                                           0 0
21000200002107020848591157     0000000000010000020721001500000SOUVENIR FANARD PATRICE                              02072114601 0
2200020000                                                                                        GKCCBEBB                   1 0
2300020000BE65062462888096                  EURMOSSOUX CHRISTIANE                                                            0 1
31000200012107020848591157     001500001001MOSSOUX CHRISTIANE                                                                1 0
3200020001QUAI DE LA BOVERIE 3/24            4020 LIEGE                                                                      0 0
21000300002107020848591208     0000000000005000020721001500000DON MEMBRE 1302                                      02072114601 0
2200030000                                                                                        BPOTBEB1                   1 0
2300030000BE43000026723601                  EURWARNANTS FRANCINE                                                             0 1
31000300012107020848591208     001500001001WARNANTS FRANCINE                                                                 1 0
3200030001RUE DE PETIT-ROEULX(OB),46         6230 PONT-A-CELLES                                                              0 0
21000400002107020848591225     0000000000005000020721001500000DON                                                  02072114601 0
2200040000                                                                                        GKCCBEBB                   1 0
2300040000BE50063940209618                  EURMATHON - PERPETE                                                              0 1
31000400012107020848591225     001500001001MATHON - PERPETE                                                                  1 0
3200040001VENELLE LE PHARE 5/7               1400 NIVELLES                                                                   0 0
21000500002107021523067445     0000000000005000020721001500000DON - MAHIEU CLEMENTINE                              02072114601 0
2200050000                                                     20210702CEC101003359-012550        KEYTBEBB                   1 0
2300050000BE50651195921818                  EURCLEMENTINE EMILIE MAHIEU                                                      0 1
31000500012107021523067445     001500001001CLEMENTINE EMILIE MAHIEU                                                          1 0
3200050001PLACE DES VEAUX DE MARS 2B0021     5030 GEMBLOUX                                                                   0 0
21000600002107020848591178     0000000000003500020721001500000                                                     02072114601 0
2200060000                                                                                        GKCCBEBB                   1 0
2300060000BE29061952335064                  EURCAUDRON NADINE                                                                0 1
31000600012107020848591178     001500001001CAUDRON NADINE                                                                    1 0
3200060001RUE LOUIS LANGLOIS 14              7322 POMMEROEUL                                                                 0 0
8146250013850069 EUR0BE                  0000000117767640020721                                                                0
9               000032000000000000000000000000068500                                                                           1
