0000005042120005                  L.B.SCLER.PL.ASBL/S.CENTR GEBABEBB   00424264043 00000                                       2
10068250013850069 EUR0BE                  0000000092016520020421L.B.SCLER.PL.ASBL/S.CENTR                                    068
21000100002104050956497480     0000000000006000050421001500000DON                                                  05042106801 0
2200010000                                                     054949872                          GEBABEBB                   1 0
2300010000BE51001300640462                  EURME VE J.PONCELET-ERLICHMAN                                                    0 1
31000100012104050956497480     001500001001ME VE J.PONCELET-ERLICHMAN                                                        1 0
3200010001RUE DES CHARDONS 13                1030 SCHAERBEEK                                                                 0 0
8068250013850069 EUR0BE                  0000000092022520050421                                                                0
9               000007000000000000000000000000006000                                                                           1
