0000016062120005                  L.B.SCLER.PL.ASBL/S.CENTR GEBABEBB   00424264043 00000                                       2
10131250013850069 EUR0BE                  0000000114103140150621L.B.SCLER.PL.ASBL/S.CENTR                                    131
21000100002106160854085841     0000000000050000160621001500000SOUTIEN A LA LIGUE SEP-NAMUR                         16062113101 0
2200010000                                                                                        GKCCBEBB                   1 0
2300010000BE48061761154027                  EURFRIPPIAT BERNADETTE                                                           0 1
31000100012106160854085841     001500001001FRIPPIAT BERNADETTE                                                               1 0
3200010001RUE DU GRAND TIGE 5/11             5101 ERPENT                                                                     0 0
21000200002106160854085873     0000000000050000160621001500000URBAN 2021                                           16062113101 0
2200020000                                                                                        AXABBE22                   1 0
2300020000BE53750933022853                  EURAHN LUISE                                                                     0 1
31000200012106160854085873     001500001001AHN LUISE                                                                         1 0
3200020001BERGSTRASSE 26                     4700 EUPEN                                                                      0 0
21000300002106160854085890     0000000000025000160621001500000VERSEMENT MENSUEL                                    16062113101 0
2200030000                                                                                        DEUTBEBE                   1 0
2300030000BE64611579224052                  EURM+MME MICHELS - SMEYERS                                                       0 1
31000300012106160854085890     001500001001M+MME MICHELS - SMEYERS                                                           1 0
3200030001BERKENDALLAAN 125                  1800 VILVOORDE                                                                  0 0
21000400002106161019531327     0000000000020000160621001500000                                                     16062113101 0
2200040000                                                                                        NICABEBB                   1 0
2300040000BE44103021580245                  EURLEGRAND - DELBEQUE                                                            0 1
31000400012106161019531327     001500001001LEGRAND - DELBEQUE                                                                1 0
3200040001RUE PIERREUX 5                     4190 XHORIS                                                                     0 1
31000400022106161019531327     001500001008LIGUE BELGE SCLEROSE EN PL                                                        0 0
21000500002106161101445194     0000000000020000160621001500000SOUTIEN A STEPHANIE                                  16062113101 0
2200050000                                                                                        GEBABEBB                   1 0
2300050000BE34001383655890                  EURRICCIARDI ANNA                                                                0 1
31000500012106161101445194     001500001001RICCIARDI ANNA                                                                    1 0
3200050001RUE DES THUYAS 22                  1170 WATERMAEL-BOITSFORT                                                        0 0
8131250013850069 EUR0BE                  0000000114268140160621                                                                0
9               000028000000000000000000000000165000                                                                           1
