0000001032120005                  L.B.SCLER.PL.ASBL/S.CENTR GEBABEBB   00424264043 00000                                       2
10042250013850069 EUR0BE                  0000000090810720280221L.B.SCLER.PL.ASBL/S.CENTR                                    042
21000100002103011219054081     0000000000050000010321001500000LIBERALITES 2021                                     01032104201 0
2200010000                                                                                        GEBABEBB                   1 0
2300010000BE51210053254062                  EURNOOTS PAULETTE                                                                0 1
31000100012103011219054081     001500001001NOOTS PAULETTE                                                                    1 0
3200010001CHEE DE BRUXELLES 289              1190 FOREST                                                                     0 0
21000200002103011219055375     0000000000050000010321001500000LIBERALITES 2021                                     01032104201 0
2200020000                                                                                        GEBABEBB                   1 0
2300020000BE34001122793790                  EURNOOTS PHILIPPE                                                                0 1
31000200012103011219055375     001500001001NOOTS PHILIPPE                                                                    1 0
3200020001RUE PAPENKASTEEL 144               1180 UCCLE                                                                      0 0
21000300002103010852282378     0000000000010000010321001500000DON MENSUEL                                          01032104201 0
2200030000                                                                                        BBRUBEBB                   1 0
2300030000BE45363169706489                  EURMME FRANCOISE BUREAU                                                          0 1
31000300012103010852282378     001500001001MME FRANCOISE BUREAU                                                              1 0
3200030001OUDE VIERSCHAARSTRAAT 26           9831 DEURLE                                                                     0 0
21000400002103011149357463     0000000000010000010321001500000                                                     01032104201 0
2200040000                                                                                        CPHBBE75                   1 0
2300040000BE09126208606957                  EURM. DECROIX BENJAMIN                                                           0 1
31000400012103011149357463     001500001001M. DECROIX BENJAMIN                                                               1 0
3200040001RUE DES HAUCHIES 59                6010 COUILLET                                                                   0 0
21000500002103011518470882     0000000000010000010321001500000DON                                                  01032104201 0
2200050000                                                     20210301CEC101003275-016018        KEYTBEBB                   1 0
2300050000BE45651140338289                  EURSTEPHANE FAURE                                                                0 1
31000500012103011518470882     001500001001STEPHANE FAURE                                                                    1 0
3200050001AVENUE DU DOMAINE 185B8            1190 FOREST                                                                     0 0
21000600002103011746035467     0000000000010000010321001500000DON                                                  01032104201 0
2200060000                                                                                        GEBABEBB                   1 0
2300060000BE70001230796725                  EURSPAUTE CATHERINE                                                              0 1
31000600012103011746035467     001500001001SPAUTE CATHERINE                                                                  1 0
3200060001RUE ADRIEN VICTOR 15               6750 MUSSON                                                                     0 0
8042250013850069 EUR0BE                  0000000090950720010321                                                                0
9               000032000000000000000000000000140000                                                                           1
