0000029012120005                  L.B.SCLER.PL.ASBL/S.CENTR GEBABEBB   00424264043 00000                                       2
10018250013850069 EUR0BE                  0000000138319220280121L.B.SCLER.PL.ASBL/S.CENTR                                    018
21000100002101290853265926     0000000000005000290121001500000                                                     29012101801 0
2200010000                                                                                        BBRUBEBB                   1 0
2300010000BE45363169706489                  EURMME FRANCOISE BUREAU                                                          0 1
31000100012101290853265926     001500001001MME FRANCOISE BUREAU                                                              1 0
3200010001OUDE VIERSCHAARSTRAAT 26           9831 DEURLE                                                                     0 0
8018250013850069 EUR0BE                  0000000138324220290121                                                                0
9               000007000000000000000000000000005000                                                                           1
