0000004052120005                  L.B.SCLER.PL.ASBL/S.CENTR GEBABEBB   00424264043 00000                                       2
10094250013850069 EUR0BE                  0000000099611770030521L.B.SCLER.PL.ASBL/S.CENTR                                    094
21000100002105041746053857     0000000000300000040521001500000PROJETS 2021-84758                                   04052109401 0
2200010000                                                                                        GEBABEBB                   1 0
2300010000BE29001032668464                  EURHERBRAND-HOSLET                                                               0 1
31000100012105041746053857     001500001001HERBRAND-HOSLET                                                                   1 0
3200010001RUE DES ECOLES 48                  4031 LIEGE                                                                      0 0
21000200002105040852130646     0000000000100000040521001500000PROJETS 2021-114638                                  04052109401 0
2200020000                                                                                        GKCCBEBB                   1 0
2300020000BE57063035356535                  EURDUFOUR - BELOT                                                                0 1
31000200012105040852130646     001500001001DUFOUR - BELOT                                                                    1 0
3200020001LES TILLEULS 6                     7940 BRUGELETTE                                                                 0 0
21000300002105041023133327     0000000000100000040521001500000EN SOUVENIR DE NOBERT DHEZ                           04052109401 0
2200030000                                                     I65D21123N00359                    CTBKBEBX                   1 0
2300030000BE72954258890116                  EURMME TOSCA CANCIAN                                                             0 1
31000300012105041023133327     001500001001MME TOSCA CANCIAN                                                                 1 0
3200030001RUE DE LA PRINCIPAUTE 19           5590 CINEY                                                                      0 0
21000400002105041746053932     0000000000100000040521001500000EN SOUVENIR DE NORBERT                               04052109401 0
2200040000                                                                                        GEBABEBB                   1 0
2300040000BE82001694655068                  EURDEHEZ PAULETTE                                                                0 1
31000400012105041746053932     001500001001DEHEZ PAULETTE                                                                    1 0
3200040001LA SPINETTE 26                     6800 LIBRAMONT-CHEVIGNY                                                         0 0
21000500002105040852130623     0000000000050000040521001500000SOUVENIR DE NORBERT                                  04052109401 0
2200050000                                                                                        GKCCBEBB                   1 0
2300050000BE31776595052055                  EURFISETTE - VAN HAESDONCK                                                       0 1
31000500012105040852130623     001500001001FISETTE - VAN HAESDONCK                                                           1 0
3200050001RUE NOUVELLE 14                    6060 GILLY (CHARLEROI)                                                          0 0
21000600002105041616402165     0000000000050000040521001500000PROJETS 2021 - 117278                                04052109401 0
2200060000                                                                                        GEBABEBB                   1 0
2300060000BE98210076779693                  EURCRANSQUIN MARIE                                                               0 1
31000600012105041616402165     001500001001CRANSQUIN MARIE                                                                   1 0
3200060001ALLEE BONAPARTE 3                  1401 NIVELLES                                                                   0 0
21000700002105040852130636     0000000000040000040521001500000EN SOUVENIR DE NORBERT ET CONDOLEANCES D'ELSA JACQUEL04052109401 0
2200070000INE ET GIANNI                                                                           GKCCBEBB                   1 0
2300070000BE49063592770671                  EURBRUNELLI - HARDY                                                              0 1
31000700012105040852130636     001500001001BRUNELLI - HARDY                                                                  1 0
3200070001AVENUE DE CITEAUX 8                1348 LOUVAIN-LA-NEUVE                                                           0 0
21000800002105041616402022     0000000000040000040521001500000EN SOUVENIR DE NORBERT                               04052109401 0
2200080000                                                                                        GEBABEBB                   1 0
2300080000BE46001053452736                  EURCOLLIN NOEL                                                                   0 1
31000800012105041616402022     001500001001COLLIN NOEL                                                                       1 0
3200080001RUE JOSEPH WANET 20                5020 NAMUR                                                                      0 0
21000900002105040852130657     0000000000010000040521001500000SEP DON MENSUEL PONCHAUX MICHELLE                    04052109401 0
2200090000                                                                                        BPOTBEB1                   1 0
2300090000BE46000074470536                  EURPONCHAUX MICHELLE                                                             0 1
31000900012105040852130657     001500001001PONCHAUX MICHELLE                                                                 1 0
3200090001RUE PIERRE HANS, 59 A1             6040 JUMET                                                                      0 1
31000900022105040852130657     001500001008LIGUE B DE LA SCLEROSE EN PLAQUES                                                 0 1
31000900032105040852130657     001500001009MME PONCHAUX MICHELLE                                                             0 0
21001000002105040852130744     0000000000010000040521001500000SOUVENIR FANARD PATRICE                              04052109401 0
2200100000                                                                                        GKCCBEBB                   1 0
2300100000BE65062462888096                  EURMOSSOUX CHRISTIANE                                                            0 1
31001000012105040852130744     001500001001MOSSOUX CHRISTIANE                                                                1 0
3200100001QUAI DE LA BOVERIE 3/24            4020 LIEGE                                                                      0 0
21001100002105040852130716     0000000000005500040521001500000DON                                                  04052109401 0
2200110000                                                                                        GKCCBEBB                   1 0
2300110000BE88063172689741                  EURCERVELLIN SOPHIE                                                              0 1
31001100012105040852130716     001500001001CERVELLIN SOPHIE                                                                  1 0
3200110001CHAUSSEE DE GILLY 125/1            6043 RANSART                                                                    0 0
21001200002105040852130581     00000000000050000405210015000000444 91317                                           04052109401 0
2200120000                                                                                        GKCCBEBB                   1 0
2300120000BE91063013031276                  EURGODFROID GENEVIEVE                                                            0 1
31001200012105040852130581     001500001001GODFROID GENEVIEVE                                                                1 0
3200120001RUE NEUVE 24                       7040 QUEVY                                                                      0 0
21001300002105040852130732     0000000000005000040521001500000DON                                                  04052109401 0
2200130000                                                                                        GKCCBEBB                   1 0
2300130000BE50063940209618                  EURMATHON - PERPETE                                                              0 1
31001300012105040852130732     001500001001MATHON - PERPETE                                                                  1 0
3200130001VENELLE LE PHARE 5/7               1400 NIVELLES                                                                   0 0
21001400002105040852130609     0000000000003500040521001500000                                                     04052109401 0
2200140000                                                                                        GKCCBEBB                   1 0
2300140000BE29061952335064                  EURCAUDRON NADINE                                                                0 1
31001400012105040852130609     001500001001CAUDRON NADINE                                                                    1 0
3200140001RUE LOUIS LANGLOIS 14              7322 POMMEROEUL                                                                 0 0
8094250013850069 EUR0BE                  0000000100430770040521                                                                0
9               000074000000000000000000000000819000                                                                           1
