0000005032120005                  L.B.SCLER.PL.ASBL/S.CENTR GEBABEBB   00424264043 00000                                       2
10046250013850069 EUR0BE                  0000000091023220040321L.B.SCLER.PL.ASBL/S.CENTR                                    046
21000100002103050852005177     0000000000012500050321001500000                                                     05032104601 0
2200010000                                                                                        BBRUBEBB                   1 0
2300010000BE80310153462877                  EURVANNEROM JADOS JOHAN                                                          0 1
31000100012103050852005177     001500001001VANNEROM JADOS JOHAN                                                              1 0
3200010001RUE HENRI PAUWELS 99               1400 NIVELLES                                                                   0 0
21000200002103050957021254     0000000000006000050321001500000DON                                                  05032104601 0
2200020000                                                     054949872                          GEBABEBB                   1 0
2300020000BE51001300640462                  EURME VE J.PONCELET-ERLICHMAN                                                    0 1
31000200012103050957021254     001500001001ME VE J.PONCELET-ERLICHMAN                                                        1 0
3200020001RUE DES CHARDONS 13                1030 SCHAERBEEK                                                                 0 0
21000300002103050852005151     0000000000005000050321001500000                                                     05032104601 0
2200030000                                                                                        BBRUBEBB                   1 0
2300030000BE96367013866205                  EURM MICHEL SEIDEL                                                               0 1
31000300012103050852005151     001500001001M MICHEL SEIDEL                                                                   1 0
3200030001CHAMPS MORAIS 83                   6880 BERTRIX                                                                    0 0
8046250013850069 EUR0BE                  0000000091046720050321                                                                0
9               000017000000000000000000000000023500                                                                           1
