0000024062120005                  L.B.SCLER.PL.ASBL/S.CENTR GEBABEBB   00424264043 00000                                       2
10139250013850069 EUR0BE                  0000000115764140230621L.B.SCLER.PL.ASBL/S.CENTR                                    139
21000100002106232113257650     0000000000050000230621002500000EN SOUVENIR DE MADELEINE BARBETTE                    24062113901 0
2200010000                                                     NOTPROVIDED                        CREGBEBBXXX                1 0
2300010000BE90732034539832                  EURGILSON ALEXANDRE                                                              0 1
31000100012106232113257650     002500001001GILSON ALEXANDRE                                                                  1 0
3200010001LES WAIDES 7 A                     4608 NEUFCHATEAU                                                                0 0
21000200002106241006322877     0000000000050000240621002500000EN SOUVENIR DE MEME MADELEINE BARBETTE               24062113901 0
2200020000                                                     NOTPROVIDED                        CREGBEBBXXX                1 0
2300020000BE12732202278292                  EURBOVY-RAUX EDDY + JEANNE DE CHANTAL                                            0 1
31000200012106241006322877     002500001001BOVY-RAUX EDDY + JEANNE DE CHANTAL                                                1 0
3200020001CHEMIN DU VOUE 22                  4601 ARGENTEAU                                                                  0 0
21000300002106241101308406     0000000000050000240621001500000EN SOUVENIR DE MADELEINE BARBETTE                    24062113901 0
2200030000                                                                                        GEBABEBB                   1 0
2300030000BE33001844236546                  EURVELO CLUB HAUTE ARDENNE AS                                                    0 1
31000300012106241101308406     001500001001VELO CLUB HAUTE ARDENNE AS                                                        1 0
3200030001SAINTE-MARIE 31                    6690 VIELSALM                                                                   0 0
21000400002106241317123495     0000000000050000240621001500000RUBEN 2021                                           24062113901 0
2200040000                                                                                        AXABBE22                   1 0
2300040000BE05750952929475                  EURDE KEMMETER HUBERT                                                            0 1
31000400012106241317123495     001500001001DE KEMMETER HUBERT                                                                1 0
3200040001KRAAIAARD 2                        9031 DRONGEN                                                                    0 0
21000500002106240849442073     0000000000005000240621001500000                                                     24062113901 0
2200050000                                                                                        GKCCBEBB                   1 0
2300050000BE30063059875711                  EURVAN RUYMBEKE CARINE                                                           0 1
31000500012106240849442073     001500001001VAN RUYMBEKE CARINE                                                               1 0
3200050001RUE ARTAN 152                      1030 BRUXELLES                                                                  0 0
8139250013850069 EUR0BE                  0000000115969140240621                                                                0
9               000027000000000000000000000000205000                                                                           1
