0000029042120005                  L.B.SCLER.PL.ASBL/S.CENTR GEBABEBB   00424264043 00000                                       2
10089250013850069 EUR0BE                  0000000098455270280421L.B.SCLER.PL.ASBL/S.CENTR                                    089
21000100002104291746160555     0000000000050000290421001500000DON                                                  29042108901 0
2200010000                                                                                        GEBABEBB                   1 0
2300010000BE35001202192637                  EURGROYNE BERNARD                                                                0 1
31000100012104291746160555     001500001001GROYNE BERNARD                                                                    1 0
3200010001RUE DU CANON 9                     5537 ANHEE                                                                      0 0
21000200002104291746160666     0000000000050000290421001500000PROJETS 2021- 115486                                 29042108901 0
2200020000                                                                                        GEBABEBB                   1 0
2300020000BE34210094161790                  EURCHOFFRAY MIREILLE                                                             0 1
31000200012104291746160666     001500001001CHOFFRAY MIREILLE                                                                 1 0
3200020001AVENUE STIENON 55                  1020 BRUXELLES                                                                  0 0
21000300002104290850085456     0000000000030000290421001500000CHORALE  RHAPSODE EN HOMMAGE- DU DECES DE MR OVIDE CA29042108901 0
2200030000NSELIER                                                                                 BPOTBEB1                   1 0
2300030000BE26000065943529                  EURM. JEAN DENEUBOURG                                                            0 1
31000300012104290850085456     001500001001M. JEAN DENEUBOURG                                                                1 0
3200030001RUE DU BRUGNON (QUE),60            7972 BELOEIL                                                                    0 0
8089250013850069 EUR0BE                  0000000098585270290421                                                                0
9               000017000000000000000000000000130000                                                                           1
