0000029032120005                  L.B.SCLER.PL.ASBL/S.CENTR GEBABEBB   00424264043 00000                                       2
10063250013850069 EUR0BE                  0000000091429020280321L.B.SCLER.PL.ASBL/S.CENTR                                    063
21000100002103282043438135     0000000000100000280321002500000DON                                                  29032106301 0
2200010000                                                     NOTPROVIDED                        BBRUBEBBXXX        OTHR    1 0
2300010000BE14310043193883                  EURMR ET MME EVENEPOEL KOETTL                                                    0 1
31000100012103282043438135     002500001001MR ET MME EVENEPOEL KOETTL                                                        1 0
3200010001AV DES CITRINELLES 100             1160 AUDERGHEM                                                                  0 0
21000200002103291517484726     0000000000010000290321001500000DON                                                  29032106301 0
2200020000                                                     20210329CEC101003295-011676        KEYTBEBB                   1 0
2300020000BE45651140338289                  EURSTEPHANE FAURE                                                                0 1
31000200012103291517484726     001500001001STEPHANE FAURE                                                                    1 0
3200020001AVENUE DU DOMAINE 185B8            1190 FOREST                                                                     0 0
8063250013850069 EUR0BE                  0000000091539020290321                                                                0
9               000012000000000000000000000000110000                                                                           1
