0000022092120005                  L.B.SCLER.PL.ASBL/S.CENTR GEBABEBB   00424264043 00000                                       2
10216250013850069 EUR0BE                  0000000142430910210921L.B.SCLER.PL.ASBL/S.CENTR                                    216
21000100002109221903234281     00000000000400002209210015000002102-114128                                          22092121601 0
2200010000                                                                                        GEBABEBB                   1 0
2300010000BE98143084398993                  EURQUESTIER-DUMORTIER                                                            0 1
31000100012109221903234281     001500001001QUESTIER-DUMORTIER                                                                1 0
3200010001R. G. CHARLIER 36 A13              7500 TOURNAI                                                                    0 0
8216250013850069 EUR0BE                  0000000142470910220921                                                                0
9               000007000000000000000000000000040000                                                                           1
