0000002062120005                  L.B.SCLER.PL.ASBL/S.CENTR GEBABEBB   00424264043 00000                                       2
10119250013850069 EUR0BE                  0000000106764520010621L.B.SCLER.PL.ASBL/S.CENTR                                    119
21000100002106020851565968     0000000000100000020621001500000DON                                                  02062111901 0
2200010000                                                                                        GKCCBEBB                   1 0
2300010000BE46063100783136                  EURDIVE GERARD                                                                   0 1
31000100012106020851565968     001500001001DIVE GERARD                                                                       1 0
3200010001AVENUE YVAN 12                     1330 RIXENSART                                                                  0 0
21000200002106021617093997     0000000000100000020621001500000RUBAN 2021                                           02062111901 0
2200020000                                                                                        GEBABEBB                   1 0
2300020000BE21250058017203                  EURCTE YVES CORNET D'ELZIUS                                                      0 1
31000200012106021617093997     001500001001CTE YVES CORNET D'ELZIUS                                                          1 0
3200020001CHEMIN DE SUARGEON 1               5081 LA BRUYERE                                                                 0 0
21000300002106021559075891     0000000000057000020621002500000RUBAN2021                                            02062111901 0
2200030000                                                     NOTPROVIDED                        BBRUBEBBXXX        OTHR    1 0
2300030000BE50363087860418                  EURMME CHRISTINE ANTOINE                                                         0 1
31000300012106021559075891     002500001001MME CHRISTINE ANTOINE                                                             1 0
3200030001RUE DOCTEUR A HUSTIN 3             6760 ETHE                                                                       0 0
21000400002106020851565947     0000000000050000020621001500000RUBAN 2021                                           02062111901 0
2200040000                                                     6100-20210601-6010305237           BPOTBEB1                   1 0
2300040000BE74000124354707                  EURM. JACQUES GEORIS                                                             0 1
31000400012106020851565947     001500001001M. JACQUES GEORIS                                                                 1 0
3200040001NEUVILLE, 58                       6690 VIELSALM                                                                   0 0
21000500002106021101385648     0000000000040000020621001500000RUBAN 2021                                           02062111901 0
2200050000                                                                                        GEBABEBB                   1 0
2300050000BE96260000371905                  EURBASTIN NICOLE                                                                 0 1
31000500012106021101385648     001500001001BASTIN NICOLE                                                                     1 0
3200050001RUE DU DEPOT 45                    6120 HAM-SUR-HEURE-NALINNES                                                     0 0
21000600002106021433540353     0000000000040000020621001500000DON                                                  02062111901 0
2200060000                                                                                        GEBABEBB                   1 0
2300060000BE46001051241136                  EURCHARLIER BERNADETTE                                                           0 1
31000600012106021433540353     001500001001CHARLIER BERNADETTE                                                               1 0
3200060001VOSKAPELSTRAAT 7 013               1933 ZAVENTEM                                                                   0 0
21000700002106021746107137     0000000000040000020621001500000RUBAN 2021                                           02062111901 0
2200070000                                                                                        GEBABEBB                   1 0
2300070000BE28001033158720                  EURCOPPENS-DELPORTE                                                              0 1
31000700012106021746107137     001500001001COPPENS-DELPORTE                                                                  1 0
3200070001RUE D'OISQUERCQ 159                1480 TUBIZE                                                                     0 0
21000800002106012117197961     0000000000020000010621002500000RUBAN 2021                                           02062111901 0
2200080000                                                     NOTPROVIDED                        BBRUBEBBXXX        OTHR    1 0
2300080000BE92377088375323                  EURFAUCON BLOMMAERT                                                              0 1
31000800012106012117197961     002500001001FAUCON BLOMMAERT                                                                  1 0
3200080001RUE ROI BAUDOUIN 3                 1440 BRAINE-LE-CHAT                                                             0 0
21000900002106020851566044     0000000000010000020621001500000SOUVENIR FANARD PATRICE                              02062111901 0
2200090000                                                                                        GKCCBEBB                   1 0
2300090000BE65062462888096                  EURMOSSOUX CHRISTIANE                                                            0 1
31000900012106020851566044     001500001001MOSSOUX CHRISTIANE                                                                1 0
3200090001QUAI DE LA BOVERIE 3/24            4020 LIEGE                                                                      0 0
21001000002106020851565849     0000000000005000020621001500000DON                                                  02062111901 0
2200100000                                                                                        GKCCBEBB                   1 0
2300100000BE50063940209618                  EURMATHON - PERPETE                                                              0 1
31001000012106020851565849     001500001001MATHON - PERPETE                                                                  1 0
3200100001VENELLE LE PHARE 5/7               1400 NIVELLES                                                                   0 0
21001100002106020851566020     0000000000005000020621001500000DON MEMBRE 1302                                      02062111901 0
2200110000                                                                                        BPOTBEB1                   1 0
2300110000BE43000026723601                  EURWARNANTS FRANCINE                                                             0 1
31001100012106020851566020     001500001001WARNANTS FRANCINE                                                                 1 0
3200110001RUE DE PETIT-ROEULX(OB),46         6230 PONT-A-CELLES                                                              0 0
21001200002106021521032993     0000000000005000020621001500000MAHIEU CLEMENTINE - DON                              02062111901 0
2200120000                                                     20210602CEC101003337-012358        KEYTBEBB                   1 0
2300120000BE50651195921818                  EURCLEMENTINE EMILIE MAHIEU                                                      0 1
31001200012106021521032993     001500001001CLEMENTINE EMILIE MAHIEU                                                          1 0
3200120001PLACE DES VEAUX DE MARS 2B0021     5030 GEMBLOUX                                                                   0 0
21001300002106020851565906     0000000000003500020621001500000                                                     02062111901 0
2200130000                                                                                        GKCCBEBB                   1 0
2300130000BE29061952335064                  EURCAUDRON NADINE                                                                0 1
31001300012106020851565906     001500001001CAUDRON NADINE                                                                    1 0
3200130001RUE LOUIS LANGLOIS 14              7322 POMMEROEUL                                                                 0 0
8119250013850069 EUR0BE                  0000000107240020020621                                                                0
9               000067000000000000000000000000475500                                                                           1
