0000025072120005                  L.B.SCLER.PL.ASBL/S.CENTR GEBABEBB   00424264043 00000                                       2
10161250013850069 EUR0BE                  0000000119445390200721L.B.SCLER.PL.ASBL/S.CENTR                                    161
21000100002107250956300563     0000000000005000250721001500000ORDRE PERMANENT                    EXONERATION       25072116101 0
2200010000                                                     170040849                          GEBABEBB                   1 0
2300010000BE93001014432767                  EURBOEMBEKE JEAN-MARIE                                                           0 1
31000100012107250956300563     001500001001BOEMBEKE JEAN-MARIE                                                               1 0
3200010001RUE FRECHE 7                       6000 CHARLEROI                                                                  0 0
21000200002107250956300603     0000000000005000250721001500000115564 PROJET 2021                                   25072116101 0
2200020000                                                     174964302                          GEBABEBB                   1 0
2300020000BE13210069033639                  EURHENRI F.PETIT                                                                 0 1
31000200012107250956300603     001500001001HENRI F.PETIT                                                                     1 0
3200020001R. GARE DE RAMILLIES 33            1367 RAMILLIES                                                                  0 0
8161250013850069 EUR0BE                  0000000119455390250721                                                                0
9               000012000000000000000000000000010000                                                                           1
