0000002052120005                  L.B.SCLER.PL.ASBL/S.CENTR GEBABEBB   00424264043 00000                                       2
10092250013850069 EUR0BE                  0000000098720270010521L.B.SCLER.PL.ASBL/S.CENTR                                    092
21000100002105021431306353     0000000000100000020521001500000PROJETS 2021 115177                                  02052109201 0
2200010000                                                                                        GEBABEBB                   1 0
2300010000BE97240049746149                  EURCRESPIN FRANCOISE                                                             0 1
31000100012105021431306353     001500001001CRESPIN FRANCOISE                                                                 1 0
3200010001RUE DES CARMES 1                   4600 VISE                                                                       0 0
21000200002105021046062463     0000000000025000020521002500000EN SOUVENIR DE NORBERT                               02052109201 0
2200020000                                                     NOTPROVIDED                        CREGBEBBXXX                1 0
2300020000BE02732613165040                  EURGENIN-DEHEZ F + M                                                             0 1
31000200012105021046062463     002500001001GENIN-DEHEZ F + M                                                                 1 0
3200020001ROUTE DE LAROCHE 87                6687 BERTOGNE                                                                   0 0
8092250013850069 EUR0BE                  0000000098845270020521                                                                0
9               000012000000000000000000000000125000                                                                           1
