0000029072120005                  L.B.SCLER.PL.ASBL/S.CENTR GEBABEBB   00424264043 00000                                       2
10165250013850069 EUR0BE                  0000000119720390280721L.B.SCLER.PL.ASBL/S.CENTR                                    165
21000100002107291021042971     0000000000113820290721001500000YYW1014916566910  PAYPAL                             29072116501 0
2200010000                                                     YYW1014916566910 PAYPAL            BNPAFRPP                   1 0
2300010000FR7630004021180001013711792       EURPAYPAL EUROPE SARL ET CIE SCA                                                 0 1
31000100012107291021042971     001500001001PAYPAL EUROPE SARL ET CIE SCA                                                     1 0
3200010001 22 24 BOULEVARD ROY               AL 2449 LUXEMBOURG                                                              0 0
21000200002107291216410799     0000000000010000290721001500000DON                                                  29072116501 0
2200020000                                                                                        GEBABEBB                   1 0
2300020000BE70001230796725                  EURSPAUTE CATHERINE                                                              0 1
31000200012107291216410799     001500001001SPAUTE CATHERINE                                                                  1 0
3200020001RUE ADRIEN VICTOR 15               6750 MUSSON                                                                     0 0
8165250013850069 EUR0BE                  0000000119844210290721                                                                0
9               000012000000000000000000000000123820                                                                           1
