0000025082120005                  L.B.SCLER.PL.ASBL/S.CENTR GEBABEBB   00424264043 00000                                       2
10188250013850069 EUR0BE                  0000000126554710240821L.B.SCLER.PL.ASBL/S.CENTR                                    188
21000100002108251439385670     00000000001000002508210025000002102-102179                                          25082118801 0
2200010000                                                     NOTPROVIDED                        BBRUBEBBXXX        OTHR    1 0
2300010000BE53310106580353                  EURMC ILWRATH SIMONS                                                             0 1
31000100012108251439385670     002500001001MC ILWRATH SIMONS                                                                 1 0
3200010001RUE DES ECOLES 7                   1300 LIMAL                                                                      0 0
21000200002108251431370560     00000000000500002508210015000002102- 117889                                         25082118801 0
2200020000                                                                                        GEBABEBB                   1 0
2300020000BE78001665624786                  EURBRACONNIER JULIEN                                                             0 1
31000200012108251431370560     001500001001BRACONNIER JULIEN                                                                 1 0
3200020001R. FERDINAND RIBONNET 4            6760 VIRTON                                                                     0 0
21000300002108251701508502     00000000000500002508210015000002102 115672                                          25082118801 0
2200030000                                                                                        GEBABEBB                   1 0
2300030000BE39210051688019                  EURMME DANIELLE DE CLERCQ                                                        0 1
31000300012108251701508502     001500001001MME DANIELLE DE CLERCQ                                                            1 0
3200030001AV.GEN. EISENHOWER 121             1030 SCHAERBEEK                                                                 0 0
21000400002108251216269923     0000000000040000250821001500000DON 2021.                                            25082118801 0
2200040000                                                                                        GEBABEBB                   1 0
2300040000BE77001052017742                  EURCABAY HENRI                                                                   0 1
31000400012108251216269923     001500001001CABAY HENRI                                                                       1 0
3200040001AV. F.DESONAY 56                   4801 VERVIERS                                                                   0 0
21000500002108250956370902     0000000000005000250821001500000115564 PROJET 2021                                   25082118801 0
2200050000                                                     174964302                          GEBABEBB                   1 0
2300050000BE13210069033639                  EURHENRI F.PETIT                                                                 0 1
31000500012108250956370902     001500001001HENRI F.PETIT                                                                     1 0
3200050001R. GARE DE RAMILLIES 33            1367 RAMILLIES                                                                  0 0
21000600002108250956370940     0000000000005000250821001500000ORDRE PERMANENT                    EXONERATION       25082118801 0
2200060000                                                     170040849                          GEBABEBB                   1 0
2300060000BE93001014432767                  EURBOEMBEKE JEAN-MARIE                                                           0 1
31000600012108250956370940     001500001001BOEMBEKE JEAN-MARIE                                                               1 0
3200060001RUE FRECHE 7                       6000 CHARLEROI                                                                  0 0
8188250013850069 EUR0BE                  0000000126804710250821                                                                0
9               000032000000000000000000000000250000                                                                           1
