0000010062120005                  L.B.SCLER.PL.ASBL/S.CENTR GEBABEBB   00424264043 00000                                       2
10127250013850069 EUR0BE                  0000000113444640090621L.B.SCLER.PL.ASBL/S.CENTR                                    127
21000100002106092156470818     0000000000030000090621002500000DON                                                  10062112701 0
2200010000                                                     NOTPROVIDED                        BBRUBEBBXXX        OTHR    1 0
2300010000BE91340057728576                  EURMLLE CHRISTIANE LOUSBERG                                                      0 1
31000100012106092156470818     002500001001MLLE CHRISTIANE LOUSBERG                                                          1 0
3200010001RUE DES GRANDS PRES 86             4032 CHENEE                                                                     0 0
21000200002106100850209109     0000000000005000100621001500000DON MENSUEL                                          10062112701 0
2200020000                                                                                        CPHBBE75                   1 0
2300020000BE16126204505574                  EURM., MME FLABA GIBON ALAIN                                                     0 1
31000200012106100850209109     001500001001M., MME FLABA GIBON ALAIN                                                         1 0
3200020001RUE DE LA GOULETTE 122             6200 BOUFFIOULX                                                                 0 0
8127250013850069 EUR0BE                  0000000113479640100621                                                                0
9               000012000000000000000000000000035000                                                                           1
