0000014032120005                  L.B.SCLER.PL.ASBL/S.CENTR GEBABEBB   00424264043 00000                                       2
10054250013850069 EUR0BE                  0000000090713720120321L.B.SCLER.PL.ASBL/S.CENTR                                    054
21000100002103141746035874     00000000000400001403210015000001303-75655                                           14032105401 0
2200010000                                                                                        GEBABEBB                   1 0
2300010000BE56250028974288                  EURPIERRE JACQUELINE                                                             0 1
31000100012103141746035874     001500001001PIERRE JACQUELINE                                                                 1 0
3200010001RUE ERNEST ANTOINE 8               5100 JAMBES (NAMUR)                                                             0 0
8054250013850069 EUR0BE                  0000000090753720140321                                                                0
9               000007000000000000000000000000040000                                                                           1
