0000007072120005                  L.B.SCLER.PL.ASBL/S.CENTR GEBABEBB   00424264043 00000                                       2
10150250013850069 EUR0BE                  0000000118284140060721L.B.SCLER.PL.ASBL/S.CENTR                                    150
21000100002107071601312402     0000000000150000070721002500000DON                                                  07072115001 0
2200010000                                                     NOTPROVIDED                        BBRUBEBBXXX        OTHR    1 0
2300010000BE85310060869206                  EURMME BRUNA PLAZZER                                                             0 1
31000100012107071601312402     002500001001MME BRUNA PLAZZER                                                                 1 0
3200010001PLACE DE MARET 1                   1350 ORP-JAUCHE                                                                 0 0
21000200002107070957147177     0000000000020000070721001500000MATHS FRANCINE                                       07072115001 0
2200020000                                                     174883106                          GEBABEBB                   1 0
2300020000BE64001130161952                  EURMATHYS FRANCINE                                                               0 1
31000200012107070957147177     001500001001MATHYS FRANCINE                                                                   1 0
3200020001RUE DE METTET 114 0021             5620 FLORENNES                                                                  0 0
21000300002107071023186726     0000000000013000070721001500000AURELIE MONCHAUX                                     07072115001 0
2200030000                                                     I65V21187L002876                   CTBKBEBX                   1 0
2300030000BE41950122683410                  EURM JEAN MONCHAUX                                                               0 1
31000300012107071023186726     001500001001M JEAN MONCHAUX                                                                   1 0
3200030001RUE DE LA CENSE AU BOIS 11         7800 ATH                                                                        0 0
21000400002107070957147103     0000000000010000070721001500000                                                     07072115001 0
2200040000                                                     174619255                          GEBABEBB                   1 0
2300040000BE43001311973601                  EURUDA CARLA                                                                     0 1
31000400012107070957147103     001500001001UDA CARLA                                                                         1 0
3200040001RUE GENERAL LEMAN 82 000-A         6044 CHARLEROI                                                                  0 0
21000500002107062255477792     1000000000010000010721080330000                                                     07072115001 0
2200050000                                                                  0000000001197                                    0 0
21000600002107071046407682     1000000000005250010721080330000                                                     07072115001 0
220006000001-07-2021 30-09-2021 03     5,250 EUR Q                          0000000001197                                    0 0
8150250013850069 EUR0BE                  0000000118461890070721                                                                0
9               000026000000000015250000000000193000                                                                           1
