0000012012120005                  L.B.SCLER.PL.ASBL/S.CENTR GEBABEBB   00424264043 00000                                       2
10010250013850069 EUR0BE                  0000000137750970110121L.B.SCLER.PL.ASBL/S.CENTR                                    010
21000100002101120849593770     0000000000010000120121001500000DON                                                  12012101001 0
2200010000                                                                                        GKCCBEBB                   1 0
2300010000BE36063994109181                  EURLIENARD LAURENCE                                                              0 1
31000100012101120849593770     001500001001LIENARD LAURENCE                                                                  1 0
3200010001RUE DU CHAINIA 86                  5081 MEUX                                                                       0 0
21000200002101120849593744     0000000000005000120121001500000                                                     12012101001 0
2200020000                                                                                        GKCCBEBB                   1 0
2300020000BE13063127342039                  EURLEMPEREUR - BRUWIER                                                           0 1
31000200012101120849593744     001500001001LEMPEREUR - BRUWIER                                                               1 0
3200020001LE HAUMONT 15                      4650 HERVE                                                                      0 0
8010250013850069 EUR0BE                  0000000137765970120121                                                                0
9               000012000000000000000000000000015000                                                                           1
