0000008122120005                  L.B.SCLER.PL.ASBL/S.CENTR GEBABEBB   00424264043 00000                                       2
10287250013850069 EUR0BE                  0000000121593660071221L.B.SCLER.PL.ASBL/S.CENTR                                    287
21000100002112080848377744     0000000000400000081221001500000DON                                                  08122128701 0
2200010000                                                                                        AXABBE22                   1 0
2300010000BE84750940550659                  EURMERTENS MARTHE                                                                0 1
31000100012112080848377744     001500001001MERTENS MARTHE                                                                    1 0
3200010001RUE DU MERLO 127                   1180 UCCLE                                                                      0 0
21000200002112081516539369     0000000000100000081221001500000DON 2021 - LAURENT BONDON                            08122128701 0
2200020000                                                     20211208CEC101003469-007376        KEYTBEBB                   1 0
2300020000BE17651182526421                  EURBONDON - LE BRETON                                                            0 1
31000200012112081516539369     001500001001BONDON - LE BRETON                                                                1 0
3200020001AVENUE DU CIMETIERE DE BRUXELLES 771140 EVERE                                                                      0 0
21000300002112081516539391     00000000000500000812210015000005 PETITES BOULES DE NOEL - MARROY                    08122128701 0
2200030000                                                                                        AXABBE22                   1 0
2300030000BE54750650766997                  EURMARROY HENRI                                                                  0 1
31000300012112081516539391     001500001001MARROY HENRI                                                                      1 0
3200030001RUE MARTIN LEJEUNE 40              5020 VEDRIN                                                                     0 0
21000400002112081623428456     00000000000420000812210025000002102 - 91299                                         08122128701 0
2200040000                                                     NOTPROVIDED                        BBRUBEBBXXX        OTHR    1 0
2300040000BE68360024029734                  EURGODART FLAMENT                                                                0 1
31000400012112081623428456     002500001001GODART FLAMENT                                                                    1 0
3200040001RUE DE SARTIAU 42                  6530 THUIN                                                                      0 0
21000500002112080848377710     00000000000400000812210015000002103 - 75607                                         08122128701 0
2200050000                                                     6100-20211207-2070310533           BPOTBEB1                   1 0
2300050000BE13000093579839                  EURMME MICHELINE SOENEN                                                          0 1
31000500012112080848377710     001500001001MME MICHELINE SOENEN                                                              1 0
3200050001AVENUE G. E. LEBON 109 /B003       1160 AUDERGHEM                                                                  0 0
21000600002112081028308322     00000000000400000812210015000002103-89737                                           08122128701 0
2200060000                                                                                        NICABEBB                   1 0
2300060000BE71103021650569                  EURM. CHRISTIAN DECAESTECKER                                                     0 1
31000600012112081028308322     001500001001M. CHRISTIAN DECAESTECKER                                                         1 0
3200060001RUE VIENNE,10/RDC0                 7800 ATH                                                                        0 0
21000700002112080848377760     0000000000020000081221001500000                                                     08122128701 0
2200070000                                                                                        AXABBE22                   1 0
2300070000BE18800210799165                  EURWARLAND MARIE                                                                 0 1
31000700012112080848377760     001500001001WARLAND MARIE                                                                     1 0
3200070001RUE CURE BECKMANN 7                4960 BEVERCE                                                                    0 0
8287250013850069 EUR0BE                  0000000122285660081221                                                                0
9               000037000000000000000000000000692000                                                                           1
