0000018022120005                  L.B.SCLER.PL.ASBL/S.CENTR GEBABEBB   00424264043 00000                                       2
10035250013850069 EUR0BE                  0000000139550720160221L.B.SCLER.PL.ASBL/S.CENTR                                    035
21000100002102180852265628     0000000000010000180221001500000EN SOUVENIR DE VINCENT                               18022103501 0
2200010000                                                                                        GKCCBEBB                   1 0
2300010000BE07063957228266                  EURGRIFFE GENEVIEVE                                                              0 1
31000100012102180852265628     001500001001GRIFFE GENEVIEVE                                                                  1 0
3200010001RUE DE SELYS 33                    4053 EMBOURG                                                                    0 0
8035250013850069 EUR0BE                  0000000139560720180221                                                                0
9               000007000000000000000000000000010000                                                                           1
