0000018052120005                  L.B.SCLER.PL.ASBL/S.CENTR GEBABEBB   00424264043 00000                                       2
10107250013850069 EUR0BE                  0000000102535770170521L.B.SCLER.PL.ASBL/S.CENTR                                    107
21000100002105180850279741     0000000000126760180521001500000EN SOUVENIR DE NORBERT DEHEZ (VEDRIN-NAMUR)          18052110701 0
2200010000                                                                                        GKCCBEBB                   1 0
2300010000BE73068202733360                  EURPAROISSE DES COMOGNES                                                         0 1
31000100012105180850279741     001500001001PAROISSE DES COMOGNES                                                             1 0
3200010001RUE DES NOISETIERS 2               5020 VEDRIN                                                                     0 0
21000200002105180850279708     0000000000050000180521001500000POUR LA RECHERCHE EN SOUVENIR DE MONSIEUR OVIDE CANSE18052110701 0
2200020000LIET                                                                                    GKCCBEBB                   1 0
2300020000BE97063385615249                  EURMEURANT - MONTENAIR                                                           0 1
31000200012105180850279708     001500001001MEURANT - MONTENAIR                                                               1 0
3200020001BD DE L'HOPITAL 70                 7800 ATH                                                                        0 0
21000300002105180850279771     0000000000025000180521001500000VERSEMENT MENSUEL                                    18052110701 0
2200030000                                                                                        DEUTBEBE                   1 0
2300030000BE64611579224052                  EURM+MME MICHELS - SMEYERS                                                       0 1
31000300012105180850279771     001500001001M+MME MICHELS - SMEYERS                                                           1 0
3200030001BERKENDALLAAN 125                  1800 VILVOORDE                                                                  0 0
21000400002105181018114004     0000000000020000180521001500000                                                     18052110701 0
2200040000                                                                                        NICABEBB                   1 0
2300040000BE44103021580245                  EURLEGRAND - DELBEQUE                                                            0 1
31000400012105181018114004     001500001001LEGRAND - DELBEQUE                                                                1 0
3200040001RUE PIERREUX 5                     4190 XHORIS                                                                     0 1
31000400022105181018114004     001500001008LIGUE BELGE SCLEROSE EN PL                                                        0 0
21000500002105180850279755     0000000000010000180521001500000EN SOUVENIR DE VINCENT                               18052110701 0
2200050000                                                                                        GKCCBEBB                   1 0
2300050000BE07063957228266                  EURGRIFFE GENEVIEVE                                                              0 1
31000500012105180850279755     001500001001GRIFFE GENEVIEVE                                                                  1 0
3200050001RUE DE SELYS 33                    4053 EMBOURG                                                                    0 0
8107250013850069 EUR0BE                  0000000102767530180521                                                                0
9               000028000000000000000000000000231760                                                                           1
