0000009082120005                  L.B.SCLER.PL.ASBL/S.CENTR GEBABEBB   00424264043 00000                                       2
10175250013850069 EUR0BE                  0000000124569210080821L.B.SCLER.PL.ASBL/S.CENTR                                    175
21000100002108091516445853     0000000000200000090821001500000PROJETS 2021 75955                                   09082117501 0
2200010000                                                     VZ12192VWPWEL601                   CTBKBEBX                   1 0
2300010000BE09596184791057                  EURM ANDRE LION OU MME LILIANE DIMA                                              0 1
31000100012108091516445853     001500001001M ANDRE LION OU MME LILIANE DIMA                                                  1 0
3200010001RUE LOSSIGNOL 34                   1401 BAULERS                                                                    0 0
21000200002108091024398463     0000000000100000090821001500000EN SOUVENIR DE PATRICK GILLARDIN                     09082117501 0
2200020000                                                                                        NICABEBB                   1 0
2300020000BE54103018626997                  EURVANDEVELDE - LAPRAILLE                                                        0 1
31000200012108091024398463     001500001001VANDEVELDE - LAPRAILLE                                                            1 0
3200020001RUE DU PETIT CHENU 5               6860 LEGLISE                                                                    0 0
21000300002108091459241592     0000000000100000090821002500000EN SOUVENIR DE PATRICK                               09082117501 0
2200030000                                                     NOTPROVIDED                        BBRUBEBBXXX        OTHR    1 0
2300030000BE83367039106615                  EURMME DOMINIQUE DENEYER                                                         0 1
31000300012108091459241592     002500001001MME DOMINIQUE DENEYER                                                             1 0
3200030001LA HAILLEULE JAMOIGNE 14           6810 CHINY                                                                      0 0
21000400002108082041129267     0000000000050000080821002500000EN SOUVENIR DE PATRICK GILLARDIN L AMICALE DE LECOLE 09082117501 0
2200040000DE LINA ET ELISA                                     NOTPROVIDED                        CREGBEBBXXX                1 0
2300040000BE20732018740956                  EURJADOT-HUBERT S + E                                                            0 1
31000400012108082041129267     002500001001JADOT-HUBERT S + E                                                                1 0
3200040001RUE DU MOREAU 62                   6724 RULLES                                                                     0 0
21000500002108090947042413     0000000000050000090821002500000EN SOUVENIR DE PATRICK GILLARDIN                     09082117501 0
2200050000                                                     NOTPROVIDED                        CREGBEBBXXX                1 0
2300050000BE58732667042779                  EURPONCIN MONIQUE                                                                0 1
31000500012108090947042413     002500001001PONCIN MONIQUE                                                                    1 0
3200050001RUE DES FORGES 31                  6860 MELLIER                                                                    0 0
21000600002108091024398407     0000000000050000090821001500000EN SOUVENIR DE PATRICK GILLARDIN                     09082117501 0
2200060000                                                                                        NICABEBB                   1 0
2300060000BE36103113326481                  EURM. SEBASTIEN MOUTON                                                           0 1
31000600012108091024398407     001500001001M. SEBASTIEN MOUTON                                                               1 0
3200060001RUE AUX BUTS,21                    6740 ETALLE                                                                     0 0
21000700002108091024398453     0000000000050000090821001500000EN SOUVENIR DE PATRICK GILLARDIN                     09082117501 0
2200070000                                                                                        NICABEBB                   1 0
2300070000BE43103021992901                  EURLAURENT B. ET DEPAIVE C.                                                      0 1
31000700012108091024398453     001500001001LAURENT B. ET DEPAIVE C.                                                          1 0
3200070001RENAUMONT 115                      6800 STE-MARIE-CHEV                                                             0 0
21000800002108091610349660     0000000000050000090821001500000EN SOUVENIR DE PATRICK GILLARDIN                     09082117501 0
2200080000                                                                                        NEECBEB2                   1 0
2300080000BE28966010333820                  EURMEYER / VALET                                                                 0 1
31000800012108091610349660     001500001001MEYER / VALET                                                                     1 0
3200080001RUE DU MOREAU,ORSINFAING 19        6724 HABAY                                                                      0 0
21000900002108082045446320     0000000000040000080821002500000DON                                                  09082117501 0
2200090000                                                     NOTPROVIDED                        BBRUBEBBXXX        OTHR    1 0
2300090000BE91340057728576                  EURMLLE CHRISTIANE LOUSBERG                                                      0 1
31000900012108082045446320     002500001001MLLE CHRISTIANE LOUSBERG                                                          1 0
3200090001RUE DES GRANDS PRES 86             4032 CHENEE                                                                     0 0
21001000002108090853394493     0000000000040000090821001500000EN SOUVENIR DE PATRICK GILLARDIN                     09082117501 0
2200100000                                                                                        BPOTBEB1                   1 0
2300100000BE92000028355423                  EURRENAULD-ANTOINE                                                               0 1
31001000012108090853394493     001500001001RENAULD-ANTOINE                                                                   1 0
3200100001GRAND-RUE, 8                       6724 RULLES                                                                     0 0
21001100002108090853394632     0000000000040000090821001500000EN   SOUVENIR  DE    PATRICK     GILLARDIN           09082117501 0
2200110000                                                                                        BPOTBEB1                   1 0
2300110000BE42000013187754                  EURTHILL-WATELET                                                                 0 1
31001100012108090853394632     001500001001THILL-WATELET                                                                     1 0
3200110001RUE DU MOREAU, 34                  6724 HOUDEMONT                                                                  0 0
21001200002108091904192775     0000000000040000090821001500000                                                     09082117501 0
2200120000                                                                                        GEBABEBB                   1 0
2300120000BE14250003249383                  EURSMAL MARTINE                                                                  0 1
31001200012108091904192775     001500001001SMAL MARTINE                                                                      1 0
3200120001ROUTE DE RAMILLIES 104             5310 EGHEZEE                                                                    0 0
21001300002108091024398434     0000000000030000090821001500000PATRICK GILLARDIN                                    09082117501 0
2200130000                                                                                        NICABEBB                   1 0
2300130000BE71103015859669                  EURMEURISSE A. - BASTIN I.                                                       0 1
31001300012108091024398434     001500001001MEURISSE A. - BASTIN I.                                                           1 0
3200130001LUTREMANGE 29/A                    6600 VILLERS-LB-EAU                                                             0 0
21001400002108090956541603     0000000000020000080821001500000AFFILIATION LIGUE 2021                               09082117501 0
2200140000                                                                                        GEBABEBB                   1 0
2300140000BE47001607656980                  EURLAVA-VANBAELEN                                                                0 1
31001400012108090956541603     001500001001LAVA-VANBAELEN                                                                    1 0
3200140001RUE DE TRISOGNE 15                 5590 CINEY                                                                      0 0
21001500002108091024398473     0000000000013000090821001500000AURELIE MONCHAUX                                     09082117501 0
2200150000                                                     I65V21218L002923                   CTBKBEBX                   1 0
2300150000BE41950122683410                  EURM JEAN MONCHAUX                                                               0 1
31001500012108091024398473     001500001001M JEAN MONCHAUX                                                                   1 0
3200150001RUE DE LA CENSE AU BOIS 11         7800 ATH                                                                        0 0
21001600002108091024398442     0000000000010000090821001500000EN SOUVENIR DE PATRICK GILLARDIN                     09082117501 0
2200160000                                                                                        NICABEBB                   1 0
2300160000BE05103110735975                  EURROUSSEL - MICHEL                                                              0 1
31001600012108091024398442     001500001001ROUSSEL - MICHEL                                                                  1 0
3200160001LA HAILLEULE 46                    6810 JAMOIGNE                                                                   0 0
21001700002108090956541655     00000000000050000908210015000000402-91783 DON MENSUEL                               09082117501 0
2200170000                                                     050987657                          GEBABEBB                   1 0
2300170000BE54001101231397                  EURHOFMAN JEANNE                                                                 0 1
31001700012108090956541655     001500001001HOFMAN JEANNE                                                                     1 0
3200170001RUE THIER DU RY 35                 4671 BLEGNY                                                                     0 0
8175250013850069 EUR0BE                  0000000125457210090821                                                                0
9               000087000000000000000000000000888000                                                                           1
