0000030032120005                  L.B.SCLER.PL.ASBL/S.CENTR GEBABEBB   00424264043 00000                                       2
10064250013850069 EUR0BE                  0000000091539020290321L.B.SCLER.PL.ASBL/S.CENTR                                    064
21000100002103301416460163     00000000000800003003210025000002002 98359                                           30032106401 0
2200010000                                                     NOTPROVIDED                        BBRUBEBBXXX        OTHR    1 0
2300010000BE07371024337366                  EURMME JEAN ARNO HERBINIAT                                                       0 1
31000100012103301416460163     002500001001MME JEAN ARNO HERBINIAT                                                           1 0
3200010001BOULEVARD DU TIVOLI 45 B1          7100 LA LOUVIERE                                                                0 0
21000200002103301147518848     0000000000060000300321001500000DON 2021                                             30032106401 0
2200020000                                                                                        CCRALULL                   1 0
2300020000LU640090000018714030              EURMOREAUX-GILLARD CLAUDINE                                                      0 1
31000200012103301147518848     001500001001MOREAUX-GILLARD CLAUDINE                                                          1 0
320002000138 RUE JOSEPH RENQUIN              B-6600 BASTOGNE                                                                 0 0
21000300002103300851532965     0000000000005000300321001500000                                                     30032106401 0
2200030000                                                                                        BBRUBEBB                   1 0
2300030000BE45363169706489                  EURMME FRANCOISE BUREAU                                                          0 1
31000300012103300851532965     001500001001MME FRANCOISE BUREAU                                                              1 0
3200030001OUDE VIERSCHAARSTRAAT 26           9831 DEURLE                                                                     0 0
8064250013850069 EUR0BE                  0000000091684020300321                                                                0
9               000017000000000000000000000000145000                                                                           1
