0000026022120005                  L.B.SCLER.PL.ASBL/S.CENTR GEBABEBB   00424264043 00000                                       2
10040250013850069 EUR0BE                  0000000090775720250221L.B.SCLER.PL.ASBL/S.CENTR                                    040
21000100002102260851534522     0000000000005000260221001500000                                                     26022104001 0
2200010000                                                                                        BBRUBEBB                   1 0
2300010000BE45363169706489                  EURMME FRANCOISE BUREAU                                                          0 1
31000100012102260851534522     001500001001MME FRANCOISE BUREAU                                                              1 0
3200010001OUDE VIERSCHAARSTRAAT 26           9831 DEURLE                                                                     0 0
8040250013850069 EUR0BE                  0000000090780720260221                                                                0
9               000007000000000000000000000000005000                                                                           1
