0000007052120005                  L.B.SCLER.PL.ASBL/S.CENTR GEBABEBB   00424264043 00000                                       2
10097250013850069 EUR0BE                  0000000101148270060521L.B.SCLER.PL.ASBL/S.CENTR                                    097
21000100002105071442177164     0000000000100000070521002500000DON114482                                            07052109701 0
2200010000                                                     NOTPROVIDED                        BBRUBEBBXXX        OTHR    1 0
2300010000BE48371015457927                  EURBROWET CLAUS                                                                  0 1
31000100012105071442177164     002500001001BROWET CLAUS                                                                      1 0
3200010001ALLEE BROC A L AYE 25              1400 NIVELLES                                                                   0 0
21000200002105070851041351     0000000000050000070521001500000PROTFTS 2021 - 96414                                 07052109701 0
2200020000                                                     6100-20210506-5060310176           BPOTBEB1                   1 0
2300020000BE18000066383665                  EURM. PIERRE WINS                                                                0 1
31000200012105070851041351     001500001001M. PIERRE WINS                                                                    1 0
3200020001RUE ALBERT-DE-CUYCK,26             4000 LIEGE                                                                      0 0
21000300002105070851041320     0000000000040000070521001500000BUGGENHOUT BRIGITTE                                  07052109701 0
2200030000                                                                                        GKCCBEBB                   1 0
2300030000BE76063022801095                  EURMANNIE - BUGGENHOUT                                                           0 1
31000300012105070851041320     001500001001MANNIE - BUGGENHOUT                                                               1 0
3200030001RUE MAREYDE 6                      1150 BRUXELLES                                                                  0 0
21000400002105070957154764     0000000000020000070521001500000MATHS FRANCINE                                       07052109701 0
2200040000                                                     174883106                          GEBABEBB                   1 0
2300040000BE64001130161952                  EURMATHYS FRANCINE                                                               0 1
31000400012105070957154764     001500001001MATHYS FRANCINE                                                                   1 0
3200040001RUE DE METTET 114 0021             5620 FLORENNES                                                                  0 0
21000500002105071023421024     0000000000013000070521001500000AURELIE MONCHAUX                                     07052109701 0
2200050000                                                     I65V21126L002881                   CTBKBEBX                   1 0
2300050000BE41950122683410                  EURM JEAN MONCHAUX                                                               0 1
31000500012105071023421024     001500001001M JEAN MONCHAUX                                                                   1 0
3200050001RUE DE LA CENSE AU BOIS 11         7800 ATH                                                                        0 0
21000600002105070957154698     0000000000010000070521001500000                                                     07052109701 0
2200060000                                                     174619255                          GEBABEBB                   1 0
2300060000BE43001311973601                  EURUDA CARLA                                                                     0 1
31000600012105070957154698     001500001001UDA CARLA                                                                         1 0
3200060001RUE GENERAL LEMAN 82 000-A         6044 CHARLEROI                                                                  0 0
8097250013850069 EUR0BE                  0000000101381270070521                                                                0
9               000032000000000000000000000000233000                                                                           1
