0000028042120005                  L.B.SCLER.PL.ASBL/S.CENTR GEBABEBB   00424264043 00000                                       2
10088250013850069 EUR0BE                  0000000098235270270421L.B.SCLER.PL.ASBL/S.CENTR                                    088
21000100002104280855036967     0000000000100000280421001500000PROTFTS 2021 - 94342                                 28042108801 0
2200010000                                                     6100-20210427-4270302574           BPOTBEB1                   1 0
2300010000BE96000097747405                  EURMLLE AGNES POUSSART                                                           0 1
31000100012104280855036967     001500001001MLLE AGNES POUSSART                                                               1 0
3200010001RUE AUGUSTE LATOUR, 7              1440 BRAINE-LE-CHATEAU                                                          0 0
21000200002104280855036940     0000000000050000280421001500000RECHERCHE EN SOUVENIR CANSELIET OV                   28042108801 0
2200020000                                                     6100-20210427-4270303497           BPOTBEB1                   1 0
2300020000BE51000082310762                  EURCANSELIET                                                                     0 1
31000200012104280855036940     001500001001CANSELIET                                                                         1 0
3200020001PLACE DE TOURPES(TO),7             7904 LEUZE-EN-HAINAUT                                                           0 0
21000300002104281718049496     0000000000040000280421001500000PROFITS 2021  117757                                 28042108801 0
2200030000                                                                                        AXABBE22                   1 0
2300030000BE28800204072520                  EURNIVARLET PIERRE - LOCHT YVETTE                                                0 1
31000300012104281718049496     001500001001NIVARLET PIERRE - LOCHT YVETTE                                                    1 0
3200030001RUE CREU MAMA 5                    4141 LOUVEIGNE                                                                  0 0
21000400002104280956425901     0000000000020000280421001500000AIDE A LA RECHERCHE                                  28042108801 0
2200040000                                                     174992621                          GEBABEBB                   1 0
2300040000BE84240028213159                  EURNEY MONIQUE                                                                   0 1
31000400012104280956425901     001500001001NEY MONIQUE                                                                       1 0
3200040001RUE JULES CLASKIN 16               4460 GRACE-HOLLOGNE                                                             0 0
21000500002104281518157795     0000000000010000280421001500000DON                                                  28042108801 0
2200050000                                                     20210428CEC101003315-005847        KEYTBEBB                   1 0
2300050000BE45651140338289                  EURSTEPHANE FAURE                                                                0 1
31000500012104281518157795     001500001001STEPHANE FAURE                                                                    1 0
3200050001AVENUE DU DOMAINE 185B8            1190 FOREST                                                                     0 0
8088250013850069 EUR0BE                  0000000098455270280421                                                                0
9               000027000000000000000000000000220000                                                                           1
