0000006022120005                  L.B.SCLER.PL.ASBL/S.CENTR GEBABEBB   00424264043 00000                                       2
10026250013850069 EUR0BE                  0000000138745220050221L.B.SCLER.PL.ASBL/S.CENTR                                    026
21000100002102060956478577     0000000000004000060221001500000                                                     06022102601 0
2200010000                                                     147817868                          GEBABEBB                   1 0
2300010000BE98210076731193                  EURMR ET MME VANHERCK-MAZY                                                       0 1
31000100012102060956478577     001500001001MR ET MME VANHERCK-MAZY                                                           1 0
3200010001RUE CASTOR 6                       1421 BRAINE-L'ALLEUD                                                            0 0
8026250013850069 EUR0BE                  0000000138749220060221                                                                0
9               000007000000000000000000000000004000                                                                           1
