0000014072120005                  L.B.SCLER.PL.ASBL/S.CENTR GEBABEBB   00424264043 00000                                       2
10156250013850069 EUR0BE                  0000000118671890130721L.B.SCLER.PL.ASBL/S.CENTR                                    156
21000100002107140956463816     0000000000100000130721001500000                                                     14072115601 0
2200010000                                                                                        GEBABEBB                   1 0
2300010000BE66001051552243                  EURAUGUSTE ALICE                                                                 0 1
31000100012107140956463816     001500001001AUGUSTE ALICE                                                                     1 0
3200010001CLOS DES PEUPLIERS 39              4300 WAREMME                                                                    0 0
8156250013850069 EUR0BE                  0000000118771890140721                                                                0
9               000007000000000000000000000000100000                                                                           1
