0000006062120005                  L.B.SCLER.PL.ASBL/S.CENTR GEBABEBB   00424264043 00000                                       2
10123250013850069 EUR0BE                  0000000108002520050621L.B.SCLER.PL.ASBL/S.CENTR                                    123
21000100002106061216367807     0000000000100000060621001500000DON 2021                                             06062112301 0
2200010000                                                                                        GEBABEBB                   1 0
2300010000BE68001172151434                  EURPIERARD-ALLARD                                                                0 1
31000100012106061216367807     001500001001PIERARD-ALLARD                                                                    1 0
3200010001RUELLE DES MOINEAUX 5              1450 CHASTRE                                                                    0 0
21000200002106061746496379     0000000000100000060621002500000RUBAN 2021                                           06062112301 0
2200020000                                                     NOTPROVIDED                        CREGBEBBXXX                1 0
2300020000BE84732052827059                  EURBARETTE DIDIER                                                                0 1
31000200012106061746496379     002500001001BARETTE DIDIER                                                                    1 0
3200020001ROUTE DU WAINAGE 218               6220 LAMBUSART                                                                  0 0
21000300002106061216367775     0000000000040000060621001500000RUBAN 2021                                           06062112301 0
2200030000                                                                                        GEBABEBB                   1 0
2300030000BE50001260342218                  EURBRANDT PATRICK                                                                0 1
31000300012106061216367775     001500001001BRANDT PATRICK                                                                    1 0
3200030001PRE LORINT 19                      4052 CHAUDFONTAINE                                                              0 0
21000400002106061529593449     0000000000040000060621002500000RUBAN 2021                                           06062112301 0
2200040000                                                     NOTPROVIDED                        BBRUBEBBXXX        OTHR    1 0
2300040000BE91310102392276                  EURMME MARIE DELEBECQUE                                                          0 1
31000400012106061529593449     002500001001MME MARIE DELEBECQUE                                                              1 0
3200040001AV DU HEYMBOSCH 85                 1090 JETTE                                                                      0 0
21000500002106061101282502     0000000000012500060621001500000RUBAN 2021                                           06062112301 0
2200050000                                                                                        GEBABEBB                   1 0
2300050000BE54001001078897                  EURDAMBRAIN FREDDY                                                               0 1
31000500012106061101282502     001500001001DAMBRAIN FREDDY                                                                   1 0
3200050001RUE DE L'ORPHAVERIE 45             7640 ANTOING                                                                    0 0
21000600002106060956299337     0000000000004000060621001500000                                                     06062112301 0
2200060000                                                     147817868                          GEBABEBB                   1 0
2300060000BE98210076731193                  EURMR ET MME VANHERCK-MAZY                                                       0 1
31000600012106060956299337     001500001001MR ET MME VANHERCK-MAZY                                                           1 0
3200060001RUE CASTOR 6                       1421 BRAINE-L'ALLEUD                                                            0 0
8123250013850069 EUR0BE                  0000000108299020060621                                                                0
9               000032000000000000000000000000296500                                                                           1
