0000001042120005                  L.B.SCLER.PL.ASBL/S.CENTR GEBABEBB   00424264043 00000                                       2
10066250013850069 EUR0BE                  0000000091699020310321L.B.SCLER.PL.ASBL/S.CENTR                                    066
21000100002104011640148336     0000000000030000010421002500000DON                                                  01042106601 0
2200010000                                                     NOTPROVIDED                        BBRUBEBBXXX        OTHR    1 0
2300010000BE91340057728576                  EURMLLE CHRISTIANE LOUSBERG                                                      0 1
31000100012104011640148336     002500001001MLLE CHRISTIANE LOUSBERG                                                          1 0
3200010001RUE DES GRANDS PRES 86             4032 CHENEE                                                                     0 0
21000200002104010902358269     0000000000012500010421001500000                                                     01042106601 0
2200020000                                                                                        BBRUBEBB                   1 0
2300020000BE80310153462877                  EURVANNEROM JADOS JOHAN                                                          0 1
31000200012104010902358269     001500001001VANNEROM JADOS JOHAN                                                              1 0
3200020001RUE HENRI PAUWELS 99               1400 NIVELLES                                                                   0 0
21000300002104010902358482     0000000000010000010421001500000DON MENSUEL                                          01042106601 0
2200030000                                                                                        BBRUBEBB                   1 0
2300030000BE45363169706489                  EURMME FRANCOISE BUREAU                                                          0 1
31000300012104010902358482     001500001001MME FRANCOISE BUREAU                                                              1 0
3200030001OUDE VIERSCHAARSTRAAT 26           9831 DEURLE                                                                     0 0
21000400002104011029031869     0000000000010000010421001500000                                                     01042106601 0
2200040000                                                                                        CPHBBE75                   1 0
2300040000BE09126208606957                  EURM. DECROIX BENJAMIN                                                           0 1
31000400012104011029031869     001500001001M. DECROIX BENJAMIN                                                               1 0
3200040001RUE DES HAUCHIES 59                6010 COUILLET                                                                   0 0
8066250013850069 EUR0BE                  0000000091761520010421                                                                0
9               000022000000000000000000000000062500                                                                           1
