0000022052120005                  L.B.SCLER.PL.ASBL/S.CENTR GEBABEBB   00424264043 00000                                       2
10110250013850069 EUR0BE                  0000000102942530200521L.B.SCLER.PL.ASBL/S.CENTR                                    110
21000100002105221815476467     1000000000046000240521001010000C. GODICHAL SOLDE CHOCOCLEF 2020                     22052111001 0
2200010000                                                     202105201455302181ISABEL           BBRUBEBB                   1 0
2300010000BE91340184061376                  EURLIGUE BELGE DE LA SCLEROSE                                                    0 1
31000100012105221815476467     001010001001LIGUE BELGE DE LA SCLEROSE                                                        1 0
3200010001RUE LOSSIGNOL 34                   1401 BAULERS                                                                    0 0
8110250013850069 EUR0BE                  0000000102896530220521                                                                0
9               000007000000000046000000000000000000                                                                           1
