0000001052120005                  L.B.SCLER.PL.ASBL/S.CENTR GEBABEBB   00424264043 00000                                       2
10091250013850069 EUR0BE                  0000000098680270300421L.B.SCLER.PL.ASBL/S.CENTR                                    091
21000100002105010958058426     0000000000040000300421001500000PROJETS 2021-114505                                  01052109101 0
2200010000                                                                                        GEBABEBB                   1 0
2300010000BE81248022716824                  EURBASTOGNE PHILIPPE                                                             0 1
31000100012105010958058426     001500001001BASTOGNE PHILIPPE                                                                 1 0
3200010001RUE LEOPOLD MALLAR 83              4800 VERVIERS                                                                   0 0
8091250013850069 EUR0BE                  0000000098720270010521                                                                0
9               000007000000000000000000000000040000                                                                           1
