0000023092120005                  L.B.SCLER.PL.ASBL/S.CENTR GEBABEBB   00424264043 00000                                       2
10217250013850069 EUR0BE                  0000000142470910220921L.B.SCLER.PL.ASBL/S.CENTR                                    217
21000100002109231903437761     00000000003000002309210015000002102 - 113765                                        23092121701 0
2200010000                                                                                        GEBABEBB                   1 0
2300010000BE19001041422312                  EURRENNESON NICOLE                                                               0 1
31000100012109231903437761     001500001001RENNESON NICOLE                                                                   1 0
3200010001BD PIERCOT 14 0021                 4000 LIEGE                                                                      0 0
21000200002109231344093964     0000000000100000230921002500000ATTEST, SOUHAITEE                                    23092121701 0
2200020000                                                     NOTPROVIDED                        BBRUBEBBXXX        OTHR    1 0
2300020000BE11371020125748                  EURBISET JAMEZ                                                                   0 1
31000200012109231344093964     002500001001BISET JAMEZ                                                                       1 0
3200020001RUE J DESTREE 20                   7100 LA LOUVIERE                                                                0 0
21000300002109230853086392     00000000000020002309210015000002102 93369                                           23092121701 0
2200030000                                                                                        GKCCBEBB                   1 0
2300030000BE50792544845618                  EURMELON - SACRE                                                                 0 1
31000300012109230853086392     001500001001MELON - SACRE                                                                     1 0
3200030001CLISORE 66                         4821 ANDRIMONT                                                                  0 0
8217250013850069 EUR0BE                  0000000142872910230921                                                                0
9               000017000000000000000000000000402000                                                                           1
