0000031052120005                  L.B.SCLER.PL.ASBL/S.CENTR GEBABEBB   00424264043 00000                                       2
10117250013850069 EUR0BE                  0000000105289520300521L.B.SCLER.PL.ASBL/S.CENTR                                    117
21000100002105310850380831     0000000000150000310521001500000RUBAN 2021                                           31052111701 0
2200010000                                                                                        AXABBE22                   1 0
2300010000BE96750903617305                  EURBOURSEAUX FREDERIC                                                            0 1
31000100012105310850380831     001500001001BOURSEAUX FREDERIC                                                                1 0
3200010001KAPERBERG 10                       4700 EUPEN                                                                      0 0
21000200002105302055587923     0000000000100000300521002500000RUBAN 2021                                           31052111701 0
2200020000                                                     NOTPROVIDED                        BBRUBEBBXXX        OTHR    1 0
2300020000BE31340152204455                  EURMLLE MATHILDE WAYOFF                                                          0 1
31000200012105302055587923     002500001001MLLE MATHILDE WAYOFF                                                              1 0
3200020001LOTEN 6 B.2                        4700 EUPEN                                                                      0 0
21000300002105310850380600     000000000010000031052100150000025252021                                             31052111701 0
2200030000                                                                                        GKCCBEBB                   1 0
2300030000BE52063038147509                  EURDEBRUS JACKY                                                                  0 1
31000300012105310850380600     001500001001DEBRUS JACKY                                                                      1 0
3200030001RUE ALBERT IER 12                  4633 MELEN                                                                      0 0
21000400002105310850380618     0000000000100000310521001500000POUR LA RECHERCHE EN SOUVENIR D'OVIDE CANSELIET      31052111701 0
2200040000                                                                                        GKCCBEBB                   1 0
2300040000BE92063154898123                  EURVISEUR OSWALD                                                                 0 1
31000400012105310850380618     001500001001VISEUR OSWALD                                                                     1 0
3200040001RUE DES HUEES 7                    7950 HUISSIGNIES                                                                0 0
21000500002105311433350012     0000000000100000310521002500000PROJETS 2021                                         31052111701 0
2200050000                                                     NOTPROVIDED                        BBRUBEBBXXX        OTHR    1 0
2300050000BE47377070620380                  EURM GUIDO BUSU                                                                  0 1
31000500012105311433350012     002500001001M GUIDO BUSU                                                                      1 0
3200050001RUE DE L'OLIVE 17 B0102            7100 LA LOUVIERE                                                                0 0
21000600002105311520050571     0000000000100000310521001500000RUBAN 2021                                           31052111701 0
2200060000                                                     VZ11483A6CWNWP01                   CTBKBEBX                   1 0
2300060000BE09596184791057                  EURM ANDRE LION OU MME LILIANE DIMA                                              0 1
31000600012105311520050571     001500001001M ANDRE LION OU MME LILIANE DIMA                                                  1 0
3200060001RUE LOSSIGNOL 34                   1401 BAULERS                                                                    0 0
21000700002105310850380843     0000000000080000310521001500000RUBAN 2021                                           31052111701 0
2200070000                                                                                        GKCCBEBB                   1 0
2300070000BE92063099113423                  EURCORNIL JACQUES                                                                0 1
31000700012105310850380843     001500001001CORNIL JACQUES                                                                    1 0
3200070001RUE DES ARCHIVES 108               1170 BRUXELLES                                                                  0 0
21000800002105310850380560     0000000000050000310521001500000RUBAN  2021                                          31052111701 0
2200080000                                                                                        KREDBEBB                   1 0
2300080000BE82736023503568                  EURAUSSEMS PAULA                                                                 0 1
31000800012105310850380560     001500001001AUSSEMS PAULA                                                                     1 0
3200080001KETTENISER STRASSE 50              4711 WALHORN                                                                    0 0
21000900002105310850380679     0000000000050000310521001500000RUBAN 2021                                           31052111701 0
2200090000                                                                                        GKCCBEBB                   1 0
2300090000BE74063489672607                  EURCULOT PIERRE-PAUL                                                             0 1
31000900012105310850380679     001500001001CULOT PIERRE-PAUL                                                                 1 0
3200090001GRAND'RUE 58                       7350 HENSIES                                                                    0 0
21001000002105310850380861     0000000000040000310521001500000RUBAN 2021                                           31052111701 0
2200100000                                                                                        GKCCBEBB                   1 0
2300100000BE60063008820870                  EURSAUDEMONT PIERRE                                                              0 1
31001000012105310850380861     001500001001SAUDEMONT PIERRE                                                                  1 0
3200100001RUE DE JAUNAY-CLAN 1               7600 PERUWELZ                                                                   0 0
21001100002105310850380811     0000000000030000310521001500000RUBAN 2021                                           31052111701 0
2200110000                                                                                        GKCCBEBB                   1 0
2300110000BE19063695080312                  EURCOPPEZ ANNE                                                                   0 1
31001100012105310850380811     001500001001COPPEZ ANNE                                                                       1 0
3200110001AVENUE DE L'HORIZON 17             1150 BRUXELLES                                                                  0 0
21001200002105311027535758     0000000000020000310521001500000RUBAN2021                                            31052111701 0
2200120000                                                                                        NICABEBB                   1 0
2300120000BE71103100395169                  EURDELNESTE - LETERME                                                            0 1
31001200012105311027535758     001500001001DELNESTE - LETERME                                                                1 0
3200120001RUE DU VERT GALANT 6/1             7506 WILLEMEAU                                                                  0 0
21001300002105310957218527     00000000000050003105210015000001802 115218                                          31052111701 0
2200130000                                                     173340332                          GEBABEBB                   1 0
2300130000BE95144056151158                  EURNANIOT CHRISTIAN                                                              0 1
31001300012105310957218527     001500001001NANIOT CHRISTIAN                                                                  1 0
3200130001RUE FETIS 26 402                   5500 DINANT                                                                     0 0
21001400002105310957218567     0000000000005000310521001500000                                                     31052111701 0
2200140000                                                     118113682                          GEBABEBB                   1 0
2300140000BE74210080476407                  EURDUBRULLE PIERRE                                                               0 1
31001400012105310957218567     001500001001DUBRULLE PIERRE                                                                   1 0
3200140001AVENUE VAN SEVER 74                1970 WEZEMBEEK-OPPEM                                                            0 0
8117250013850069 EUR0BE                  0000000106219520310521                                                                0
9               000072000000000000000000000000930000                                                                           1
