0000011032120005                  L.B.SCLER.PL.ASBL/S.CENTR GEBABEBB   00424264043 00000                                       2
10052250013850069 EUR0BE                  0000000090548720100321L.B.SCLER.PL.ASBL/S.CENTR                                    052
21000100002103110849502479     0000000000010000110321001500000DON                                                  11032105201 0
2200010000                                                                                        GKCCBEBB                   1 0
2300010000BE06792508548622                  EURCURRERI CALOGERO                                                              0 1
31000100012103110849502479     001500001001CURRERI CALOGERO                                                                  1 0
3200010001RUE DE LA HAXHE 16                 4680 OUPEYE                                                                     0 0
21000200002103110849502499     0000000000010000110321001500000DON                                                  11032105201 0
2200020000                                                                                        GKCCBEBB                   1 0
2300020000BE36063994109181                  EURLIENARD LAURENCE                                                              0 1
31000200012103110849502499     001500001001LIENARD LAURENCE                                                                  1 0
3200020001RUE DU CHAINIA 86                  5081 MEUX                                                                       0 0
21000300002103110849502438     0000000000005000110321001500000                                                     11032105201 0
2200030000                                                                                        GKCCBEBB                   1 0
2300030000BE13063127342039                  EURLEMPEREUR - BRUWIER                                                           0 1
31000300012103110849502438     001500001001LEMPEREUR - BRUWIER                                                               1 0
3200030001LE HAUMONT 15                      4650 HERVE                                                                      0 0
8052250013850069 EUR0BE                  0000000090573720110321                                                                0
9               000017000000000000000000000000025000                                                                           1
