0000012052120005                  L.B.SCLER.PL.ASBL/S.CENTR GEBABEBB   00424264043 00000                                       2
10102250013850069 EUR0BE                  0000000101657270110521L.B.SCLER.PL.ASBL/S.CENTR                                    102
21000100002105121517554753     0000000000200000120521001500000PROJETS 2021 113112                                  12052110201 0
2200010000                                                     202105121057308747ISABEL           CREGBEBB                   1 0
2300010000BE93197255055167                  EURFLAMAND JEAN-LUC                                                              0 1
31000100012105121517554753     001500001001FLAMAND JEAN-LUC                                                                  1 0
3200010001DEVANT STANEUX 29                  4910 THEUX                                                                      0 0
21000200002105120853407932     0000000000050000120521001500000SUR LA RECH ENSOUV D' OUDE PANSELI                   12052110201 0
2200020000                                                     6100-20210511-5110311929           BPOTBEB1                   1 0
2300020000BE78000082216186                  EURMLLE JACQUELINE DEREMIER                                                      0 1
31000200012105120853407932     001500001001MLLE JACQUELINE DEREMIER                                                          1 0
3200020001RUE MARCEL BERNARD, 14             7950 CHIEVRES                                                                   0 0
21000300002105120853407967     0000000000040000120521001500000PROTFTS 2021 - 117722                                12052110201 0
2200030000                                                     6100-20210511-5110307858           BPOTBEB1                   1 0
2300030000BE29000066577564                  EURM. ANDRE COLERY                                                               0 1
31000300012105120853407967     001500001001M. ANDRE COLERY                                                                   1 0
3200030001RUE ROBERT PINGOT, 28              7030 MONS                                                                       0 0
21000400002105120853408012     0000000000040000120521001500000PROTFRS 2021 - 110612                                12052110201 0
2200040000                                                     6100-20210511-5110302112           BPOTBEB1                   1 0
2300040000BE55000323111444                  EURMME YVETTE COLLART                                                            0 1
31000400012105120853408012     001500001001MME YVETTE COLLART                                                                1 0
3200040001EVERSESTRAAT,24                    1932 ZAVENTEM                                                                   0 0
21000500002105121657180198     0000000000040000120521002500000PROJETS 2021-114095                                  12052110201 0
2200050000                                                     NOTPROVIDED                        KREDBEBBXXX                1 0
2300050000BE61731113164417                  EURHEUZE PHILIPPE                                                                0 1
31000500012105121657180198     002500001001HEUZE PHILIPPE                                                                    1 0
3200050001AM TROG 14                         4761 ROCHERATH                                                                  0 0
8102250013850069 EUR0BE                  0000000102027270120521                                                                0
9               000027000000000000000000000000370000                                                                           1
