0000019072120005                  L.B.SCLER.PL.ASBL/S.CENTR GEBABEBB   00424264043 00000                                       2
10159250013850069 EUR0BE                  0000000119145390160721L.B.SCLER.PL.ASBL/S.CENTR                                    159
21000100002107191717145648     0000000000050000190721001500000PROJETS 2021-114271                                  19072115901 0
2200010000                                                                                        CPHBBE75                   1 0
2300010000BE67126202906387                  EURM. STAVAUX AUGUSTE                                                            0 1
31000100012107191717145648     001500001001M. STAVAUX AUGUSTE                                                                1 0
3200010001CHAUSSEE DE CHARLEROI 279          6220 FLEURUS                                                                    0 0
21000200002107191701469738     0000000000040000190721001500000SOUTIEN                                              19072115901 0
2200020000                                                                                        GEBABEBB                   1 0
2300020000BE98001011185893                  EURPROMPER RAYMOND                                                               0 1
31000200012107191701469738     001500001001PROMPER RAYMOND                                                                   1 0
3200020001AV REINE ASTRID 284                4802 VERVIERS                                                                   0 0
8159250013850069 EUR0BE                  0000000119235390190721                                                                0
9               000012000000000000000000000000090000                                                                           1
