0000010022120005                  L.B.SCLER.PL.ASBL/S.CENTR GEBABEBB   00424264043 00000                                       2
10030250013850069 EUR0BE                  0000000138822220090221L.B.SCLER.PL.ASBL/S.CENTR                                    030
21000100002102100850400967     0000000000100000100221001500000DON ANNUEL                                           10022103001 0
2200010000                                                                                        BPOTBEB1                   1 0
2300010000BE08000145850513                  EURCHRISTIAANS-ABRAMOWICZ                                                        0 1
31000100012102100850400967     001500001001CHRISTIAANS-ABRAMOWICZ                                                            1 0
3200010001RUE DU FAISAN, 36                  1420 BRAINE-L'ALLEUD                                                            0 0
21000200002102101431443498     0000000000100000100221001500000DON POUR 2021                                        10022103001 0
2200020000                                                                                        GEBABEBB                   1 0
2300020000BE45260019014089                  EURDE PELSEMACKER BERNARD                                                        0 1
31000200012102101431443498     001500001001DE PELSEMACKER BERNARD                                                            1 0
3200020001RUE DES ALOUETTES 41               6180 COURCELLES                                                                 0 0
21000300002102100850400943     0000000000005000100221001500000DON MENSUEL                                          10022103001 0
2200030000                                                                                        CPHBBE75                   1 0
2300030000BE16126204505574                  EURM., MME FLABA GIBON ALAIN                                                     0 1
31000300012102100850400943     001500001001M., MME FLABA GIBON ALAIN                                                         1 0
3200030001RUE DE LA GOULETTE 122             6200 BOUFFIOULX                                                                 0 0
8030250013850069 EUR0BE                  0000000139027220100221                                                                0
9               000017000000000000000000000000205000                                                                           1
