0000009012120005                  L.B.SCLER.PL.ASBL/S.CENTR GEBABEBB   00424264043 00000                                       2
10008250013850069 EUR0BE                  0000000137740970080121L.B.SCLER.PL.ASBL/S.CENTR                                    008
21000100002101091003098737     00000000000050000901210015000000402-91783 DON MENSUEL                               09012100801 0
2200010000                                                     050987657                          GEBABEBB                   1 0
2300010000BE54001101231397                  EURHOFMAN JEANNE                                                                 0 1
31000100012101091003098737     001500001001HOFMAN JEANNE                                                                     1 0
3200010001RUE THIER DU RY 35                 4671 BLEGNY                                                                     0 0
8008250013850069 EUR0BE                  0000000137745970090121                                                                0
9               000007000000000000000000000000005000                                                                           1
