0000008022120005                  L.B.SCLER.PL.ASBL/S.CENTR GEBABEBB   00424264043 00000                                       2
10028250013850069 EUR0BE                  0000000138799220070221L.B.SCLER.PL.ASBL/S.CENTR                                    028
21000100002102081033370765     0000000000013000080221001500000AURELIE MONCHAUX                                     08022102801 0
2200010000                                                     I65V21037L005278                   CTBKBEBX                   1 0
2300010000BE41950122683410                  EURM JEAN MONCHAUX                                                               0 1
31000100012102081033370765     001500001001M JEAN MONCHAUX                                                                   1 0
3200010001RUE DE LA CENSE AU BOIS 11         7800 ATH                                                                        0 0
21000200002102080849015058     0000000000005000080221001500000DON                                                  08022102801 0
2200020000                                                                                        BPOTBEB1                   1 0
2300020000BE07000126572266                  EURALMER RUDOLF                                                                  0 1
31000200012102080849015058     001500001001ALMER RUDOLF                                                                      1 0
3200020001RUE TOUT VA BIEN, 98               4420 SAINT-NICOLAS                                                              0 1
31000200022102080849015058     001500001008LIGUE BELGE DE LA SCLA ROSE EN PLAQU                                              0 1
31000200032102080849015058     001500001009ALMER RUDOLF                                                                      0 0
8028250013850069 EUR0BE                  0000000138817220080221                                                                0
9               000014000000000000000000000000018000                                                                           1
