0000008072120005                  L.B.SCLER.PL.ASBL/S.CENTR GEBABEBB   00424264043 00000                                       2
10151250013850069 EUR0BE                  0000000118461890070721L.B.SCLER.PL.ASBL/S.CENTR                                    151
21000100002107080854076419     0000000000060000080721001500000PROJETS 2021-114496                                  08072115101 0
2200010000                                                                                        GKCCBEBB                   1 0
2300010000BE51063141826462                  EURHANQUET YVES                                                                  0 1
31000100012107080854076419     001500001001HANQUET YVES                                                                      1 0
3200010001RUE DU CENTRE 9 B                  4470 ST-GEORGES-SUR-MEUSE                                                       0 0
8151250013850069 EUR0BE                  0000000118521890080721                                                                0
9               000007000000000000000000000000060000                                                                           1
