0000005082120005                  L.B.SCLER.PL.ASBL/S.CENTR GEBABEBB   00424264043 00000                                       2
10171250013850069 EUR0BE                  0000000120556710040821L.B.SCLER.PL.ASBL/S.CENTR                                    171
21000100002108050849065886     0000000002000000050821001500000GRANDE TOMBOLA GOLDEN PALACE HORNUDU 30/07/2021      05082117101 0
2200010000                                                     202108041433413835ISABEL           GKCCBEBB                   1 0
2300010000BE29068907419364                  EURMARBEL SRL                                                                    0 1
31000100012108050849065886     001500001001MARBEL SRL                                                                        1 0
3200010001RUE DE MONS 228                    7301 HORNU                                                                      0 0
21000200002108051434124424     0000000000100000050821001500000EN SOUVENIR DE PATRICK GILLARDIN                     05082117101 0
2200020000                                                                                        GEBABEBB                   1 0
2300020000BE62001411821761                  EURLASSENCE-GOFFLOT                                                              0 1
31000200012108051434124424     001500001001LASSENCE-GOFFLOT                                                                  1 0
3200020001RUE DU HOLLU 60                    4140 SPRIMONT                                                                   0 0
21000300002108050849065780     0000000000050000050821001500000EN SOUVENIR DE PATRICK GILLARDIN                     05082117101 0
2200030000                                                                                        BBRUBEBB                   1 0
2300030000BE21360111646703                  EUROGER DRAUX                                                                    0 1
31000300012108050849065780     001500001001OGER DRAUX                                                                        1 0
3200030001RUE DU HIBE 10                     6724 MARBEHAN                                                                   0 0
21000400002108050849065813     0000000000050000050821001500000EN SOUVENIR DE PATRICK GILLARDIN                     05082117101 0
2200040000                                                                                        AXABBE22                   1 0
2300040000BE43750655093201                  EURSCHMIDT AMANDINE - MASSON XAVIER                                              0 1
31000400012108050849065813     001500001001SCHMIDT AMANDINE - MASSON XAVIER                                                  1 0
3200040001RUE SAINTE-HELENE 26               6724 RULLES                                                                     0 0
21000500002108051020475246     0000000000050000050821001500000EN SOUVENIR DE PATRICK GILLARDIN                     05082117101 0
2200050000                                                                                        NICABEBB                   1 0
2300050000BE93103014443267                  EURMLLE VERONIQUE BASTIN                                                         0 1
31000500012108051020475246     001500001001MLLE VERONIQUE BASTIN                                                             1 0
3200050001RUE DU BEAU-LIEU,22                6860 LEGLISE                                                                    0 0
21000600002108051020475302     0000000000050000050821001500000EN SOUVENIR DE PATRICK GILLARDIN                     05082117101 0
2200060000                                                                                        NICABEBB                   1 0
2300060000BE88103066481141                  EURLAPRAILLE C. - HAINAUX A.                                                     0 1
31000600012108051020475302     001500001001LAPRAILLE C. - HAINAUX A.                                                         1 0
3200060001R MONT-DE-GEAI 30                  6860 MELLIER                                                                    0 0
21000700002108051102539972     0000000000050000050821001500000EN MEMOIRE DE PATRICK GILLARDIN                      05082117101 0
2200070000                                                                                        GEBABEBB                   1 0
2300070000BE59001194771026                  EURU.S. MELLIER ASBL                                                             0 1
31000700012108051102539972     001500001001U.S. MELLIER ASBL                                                                 1 0
3200070001RUE DES SPORTS 24                  6860 MELLIER                                                                    0 0
21000800002108051519163232     0000000000050000050821001500000EN SOUVENIR DE PATRICK GILLARDIN                     05082117101 0
2200080000                                                     20210805CEC101003382-006820        KEYTBEBB                   1 0
2300080000BE48651164698427                  EURJOCELYNE WILLIEME                                                             0 1
31000800012108051519163232     001500001001JOCELYNE WILLIEME                                                                 1 0
3200080001RUE DES MOULINS D'ACREN 23BC       7864 LESSINES                                                                   0 0
21000900002108051610381055     0000000000050000050821001500000EN SOUVENIR DE PATRICK GILLARDIN                     05082117101 0
2200090000                                                                                        BCEELULL                   1 0
2300090000LU570019125542858000              EURVERTE-DUPLICY AUBERTE                                                         0 1
31000900012108051610381055     001500001001VERTE-DUPLICY AUBERTE                                                             1 0
3200090001CHEMIN DE SEGURET NO 4 LONGCHAMPS  B -6687 BERTOGNE                                                                0 0
21001000002108050849065897     0000000000040000050821001500000EN SOUVENIR DE PATRICK GILLARDIN                     05082117101 0
2200100000                                                                                        GKCCBEBB                   1 0
2300100000BE73776594363860                  EURPIERRARD - PIERRARD                                                           0 1
31001000012108050849065897     001500001001PIERRARD - PIERRARD                                                               1 0
3200100001RUE SAINT-ROCH 28                  6840 NEUFCHATEAU                                                                0 0
21001100002108051217224174     0000000000030000050821001500000EN SOUVENIR DE PATRICK GILLARDIN                     05082117101 0
2200110000                                                                                        GEBABEBB                   1 0
2300110000BE73001487675660                  EURNOEL CHARLOTTE                                                                0 1
31001100012108051217224174     001500001001NOEL CHARLOTTE                                                                    1 0
3200110001RUE EUGENE COULON 22               5032 GEMBLOUX                                                                   0 0
21001200002108051217224290     0000000000030000050821001500000EN SOUVENIR DE PATRICK GILLARDIN                     05082117101 0
2200120000                                                                                        GEBABEBB                   1 0
2300120000BE92001856504723                  EURBOSSICART-MARENNE                                                             0 1
31001200012108051217224290     001500001001BOSSICART-MARENNE                                                                 1 0
3200120001RUE DU BEAU-LIEU 7                 6860 LEGLISE                                                                    0 0
21001300002108051519163247     0000000000030000050821001500000EN SOUVENIR DE PATRICK GILLARDIN                     05082117101 0
2200130000                                                     VZ12163VE8HXWL01                   CTBKBEBX                   1 0
2300130000BE43109666095201                  EURM CYRIL HUBERT OU MME ELISE LEJE                                              0 1
31001300012108051519163247     001500001001M CYRIL HUBERT OU MME ELISE LEJE                                                  1 0
3200130001HABARU 36                          6860 LEGLISE                                                                    0 0
21001400002108050937208729     0000000000025000050821002500000EN SOUVENIR DE PATRICK GILLARDIN                     05082117101 0
2200140000                                                     NOTPROVIDED                        BBRUBEBBXXX        OTHR    1 0
2300140000BE30360111502011                  EURMLLE LAURENCE BASTIN                                                          0 1
31001400012108050937208729     002500001001MLLE LAURENCE BASTIN                                                              1 0
3200140001RUE DE LA RIGOLE 147               6740 ETALLE                                                                     0 0
21001500002108051029253367     0000000000025000050821002500000EN SOUVENIR DE PATRICK GILLARDIN                     05082117101 0
2200150000                                                     NOTPROVIDED                        BBRUBEBBXXX        OTHR    1 0
2300150000BE44360112436645                  EURMME ANNE MARIE LAPRAILLE                                                      0 1
31001500012108051029253367     002500001001MME ANNE MARIE LAPRAILLE                                                          1 0
3200150001RUE DE BELLEFONTAINE 8             6740 STE-MARIE-S-SE                                                             0 0
21001600002108051100294118     0000000000020000050821002500000EN SOUVENIR DE PATRICK GILLARDIN                     05082117101 0
2200160000                                                     NOTPROVIDED                        BBRUBEBBXXX        OTHR    1 0
2300160000BE81652800865024                  EURMLLE MARIE-EVE HUBERMONT                                                      0 1
31001600012108051100294118     002500001001MLLE MARIE-EVE HUBERMONT                                                          1 0
3200160001AVENUE DE LA VICTOIRE 7            6840 NEUFCHATEAU                                                                0 0
21001700002108050849065909     0000000000012500050821001500000                                                     05082117101 0
2200170000                                                                                        BBRUBEBB                   1 0
2300170000BE80310153462877                  EURVANNEROM JADOS JOHAN                                                          0 1
31001700012108050849065909     001500001001VANNEROM JADOS JOHAN                                                              1 0
3200170001RUE HENRI PAUWELS 99               1400 NIVELLES                                                                   0 0
21001800002108050957036630     0000000000006000050821001500000DON                                                  05082117101 0
2200180000                                                     054949872                          GEBABEBB                   1 0
2300180000BE51001300640462                  EURME VE J.PONCELET-ERLICHMAN                                                    0 1
31001800012108050957036630     001500001001ME VE J.PONCELET-ERLICHMAN                                                        1 0
3200180001RUE DES CHARDONS 13                1030 SCHAERBEEK                                                                 0 0
21001900002108050849065826     0000000000005000050821001500000                                                     05082117101 0
2200190000                                                                                        BBRUBEBB                   1 0
2300190000BE96367013866205                  EURM MICHEL SEIDEL                                                               0 1
31001900012108050849065826     001500001001M MICHEL SEIDEL                                                                   1 0
3200190001CHAMPS MORAIS 83                   6880 BERTRIX                                                                    0 0
8171250013850069 EUR0BE                  0000000123230210050821                                                                0
9               000097000000000000000000000002673500                                                                           1
