0000016042120005                  L.B.SCLER.PL.ASBL/S.CENTR GEBABEBB   00424264043 00000                                       2
10076250013850069 EUR0BE                  0000000094230270150421L.B.SCLER.PL.ASBL/S.CENTR                                    076
21000100002104161102099317     0000000000300000160421001500000PROJETS 2021-100826                                  16042107601 0
2200010000                                                                                        GEBABEBB                   1 0
2300010000BE90001607244732                  EURGARSOU SA                                                                     0 1
31000100012104161102099317     001500001001GARSOU SA                                                                         1 0
3200010001LES DIGUES 5                       4910 THEUX                                                                      0 0
21000200002104161902480197     0000000000250000160421001500000DON PROJETS 2021 - 114139.                           16042107601 0
2200020000                                                                                        GEBABEBB                   1 0
2300020000BE62001074087161                  EURGALANTE-BILOCQ                                                                0 1
31000200012104161902480197     001500001001GALANTE-BILOCQ                                                                    1 0
3200020001RUE CLAIE 97                       6792 AUBANGE                                                                    0 0
21000300002104161220259591     0000000000100000160421002500000PROJETS 2021-83320                                   16042107601 0
2200030000                                                     NOTPROVIDED                        BBRUBEBBXXX        OTHR    1 0
2300030000BE12630010731592                  EURMME                                                                           0 1
31000300012104161220259591     002500001001MME                                                                               1 0
3200030001AV DES MYRTILLES 5                 1950 KRAAINEM                                                                   0 0
21000400002104160851052969     0000000000060000160421001500000                                                     16042107601 0
2200040000                                                                                        GKCCBEBB                   1 0
2300040000BE44792514293345                  EURLEPIECE MARCEL                                                                0 1
31000400012104160851052969     001500001001LEPIECE MARCEL                                                                    1 0
3200040001RUE DES ORMES 15                   4800 VERVIERS                                                                   0 0
21000500002104160851052993     0000000000050000160421001500000PROJETS 2021-118022                                  16042107601 0
2200050000                                                     6100-20210415-4150303429           BPOTBEB1                   1 0
2300050000BE32000449149002                  EURMME LUCIENNE BROUWERS                                                         0 1
31000500012104160851052993     001500001001MME LUCIENNE BROUWERS                                                             1 0
3200050001RUE D'ELVAUX, 40                   4650 HERVE                                                                      0 0
21000600002104161432040950     0000000000050000160421001500000PROJETS 2021 - 95467                                 16042107601 0
2200060000                                                                                        GEBABEBB                   1 0
2300060000BE74271002878407                  EURTIMMERMANS MICHEL                                                             0 1
31000600012104161432040950     001500001001TIMMERMANS MICHEL                                                                 1 0
3200060001AV. ABBE HUYBERECHTS 24 A          1340 OTTIGNIES-LOUVAIN-LA-N                                                     0 0
21000700002104160956101505     0000000000045000160421001500000PROJETS 2021 - 110711                                16042107601 0
2200070000                                                                                        GEBABEBB                   1 0
2300070000BE80001041554977                  EURLUWEL-ORBAN                                                                   0 1
31000700012104160956101505     001500001001LUWEL-ORBAN                                                                       1 0
3200070001R.D.HTES COMMUNES 112              5300 ANDENNE                                                                    0 0
21000800002104161517445163     0000000000040000160421001500000PROJECTS 2021 88678                                  16042107601 0
2200080000                                                                                        BBRUBEBB                   1 0
2300080000BE86375004148750                  EURBROUCQSAULT CASIER                                                            0 1
31000800012104161517445163     001500001001BROUCQSAULT CASIER                                                                1 0
3200080001CHAUSSEE DE WARNETON 25            7780 COMINES                                                                    0 0
21000900002104161746182371     0000000000040000160421001500000PROJETS 2021-94489                                   16042107601 0
2200090000                                                                                        GEBABEBB                   1 0
2300090000BE53240038261753                  EURREGOUT-FONSNY                                                                 0 1
31000900012104161746182371     001500001001REGOUT-FONSNY                                                                     1 0
3200090001RUE DE L'AUBEPINE 23               4122 NEUPRE                                                                     0 0
21001000002104160851053006     0000000000025000160421001500000VERSEMENT MENSUEL                                    16042107601 0
2200100000                                                                                        DEUTBEBE                   1 0
2300100000BE64611579224052                  EURM+MME MICHELS - SMEYERS                                                       0 1
31001000012104160851053006     001500001001M+MME MICHELS - SMEYERS                                                           1 0
3200100001BERKENDALLAAN 125                  1800 VILVOORDE                                                                  0 0
21001100002104161316429376     0000000000020000160421001500000                                                     16042107601 0
2200110000                                                                                        NICABEBB                   1 0
2300110000BE44103021580245                  EURLEGRAND - DELBEQUE                                                            0 1
31001100012104161316429376     001500001001LEGRAND - DELBEQUE                                                                1 0
3200110001RUE PIERREUX 5                     4190 XHORIS                                                                     0 1
31001100022104161316429376     001500001008LIGUE BELGE SCLEROSE EN PL                                                        0 0
8076250013850069 EUR0BE                  0000000095210270160421                                                                0
9               000058000000000000000000000000980000                                                                           1
