0000011122120005                  L.B.SCLER.PL.ASBL/S.CENTR GEBABEBB   00424264043 00000                                       2
10290250013850069 EUR0BE                  0000000123425660101221L.B.SCLER.PL.ASBL/S.CENTR                                    290
21000100002112110957225208     0000000000040260101221001500000DON 114101 (GOOSSENS - CAPART DE GEMBLOUX).          11122129001 0
2200010000                                                                                        GEBABEBB                   1 0
2300010000BE82143088208568                  EURGOOSSENS-CAPART                                                               0 1
31000100012112110957225208     001500001001GOOSSENS-CAPART                                                                   1 0
3200010001RUE DE L'AGASSE 48                 5030 GEMBLOUX                                                                   0 0
21000200002112111431265565     0000000000040000111221001500000LIBERALITE 2021                                      11122129001 0
2200020000                                                                                        GEBABEBB                   1 0
2300020000BE98240062826193                  EURBARILLARI DIDIER                                                              0 1
31000200012112111431265565     001500001001BARILLARI DIDIER                                                                  1 0
3200020001AVENUE HORTE CHENE 4               4053 CHAUDFONTAINE                                                              0 0
21000300002112111600360129     0000000000040000111221002500000NUMERO DU DONATEUR 84516                             11122129001 0
2200030000                                                     NOTPROVIDED                        BBRUBEBBXXX        OTHR    1 0
2300030000BE62310084009261                  EURGOETHALS JACOBS                                                               0 1
31000300012112111600360129     002500001001GOETHALS JACOBS                                                                   1 0
3200030001AV ADOLPHE WANSART 6 BTE 2         1180 UCCLE                                                                      0 0
8290250013850069 EUR0BE                  0000000123545920111221                                                                0
9               000017000000000000000000000000120260                                                                           1
