0000030012120005                  L.B.SCLER.PL.ASBL/S.CENTR GEBABEBB   00424264043 00000                                       2
10019250013850069 EUR0BE                  0000000138324220290121L.B.SCLER.PL.ASBL/S.CENTR                                    019
21000100002101301701256002     0000000000010000300121001500000DON                                                  30012101901 0
2200010000                                                                                        GEBABEBB                   1 0
2300010000BE70001230796725                  EURSPAUTE CATHERINE                                                              0 1
31000100012101301701256002     001500001001SPAUTE CATHERINE                                                                  1 0
3200010001RUE ADRIEN VICTOR 15               6750 MUSSON                                                                     0 0
8019250013850069 EUR0BE                  0000000138334220300121                                                                0
9               000007000000000000000000000000010000                                                                           1
