0000019012120005                  L.B.SCLER.PL.ASBL/S.CENTR GEBABEBB   00424264043 00000                                       2
10013250013850069 EUR0BE                  0000000138030470180121L.B.SCLER.PL.ASBL/S.CENTR                                    013
21000100002101190848317980     00000000000240001901210015000002 BOULES NOEL GALLER                                 19012101301 0
2200010000                                                                                        GKCCBEBB                   1 0
2300010000BE32063698648902                  EURSTIEVENARD LAETITIA                                                           0 1
31000100012101190848317980     001500001001STIEVENARD LAETITIA                                                               1 0
3200010001RUE DES DEPORTES 35                5150 FLOREFFE                                                                   0 0
21000200002101190848318058     0000000000010000190121001500000EN SOUVENIR DE VINCENT                               19012101301 0
2200020000                                                                                        GKCCBEBB                   1 0
2300020000BE07063957228266                  EURGRIFFE GENEVIEVE                                                              0 1
31000200012101190848318058     001500001001GRIFFE GENEVIEVE                                                                  1 0
3200020001RUE DE SELYS 33                    4053 EMBOURG                                                                    0 0
8013250013850069 EUR0BE                  0000000138064470190121                                                                0
9               000012000000000000000000000000034000                                                                           1
