0000009052120005                  L.B.SCLER.PL.ASBL/S.CENTR GEBABEBB   00424264043 00000                                       2
10099250013850069 EUR0BE                  0000000101431270080521L.B.SCLER.PL.ASBL/S.CENTR                                    099
21000100002105090956219011     00000000000050000905210015000000402-91783 DON MENSUEL                               09052109901 0
2200010000                                                     050987657                          GEBABEBB                   1 0
2300010000BE54001101231397                  EURHOFMAN JEANNE                                                                 0 1
31000100012105090956219011     001500001001HOFMAN JEANNE                                                                     1 0
3200010001RUE THIER DU RY 35                 4671 BLEGNY                                                                     0 0
8099250013850069 EUR0BE                  0000000101436270090521                                                                0
9               000007000000000000000000000000005000                                                                           1
