0000013052120005                  L.B.SCLER.PL.ASBL/S.CENTR GEBABEBB   00424264043 00000                                       2
10103250013850069 EUR0BE                  0000000102027270120521L.B.SCLER.PL.ASBL/S.CENTR                                    103
21000100002105130847580054     0000000000040000130521001500000POUR LA RECHERCHE EN SOUVENIR D OVIDE CANSELIET      13052110301 0
2200010000                                                                                        GKCCBEBB                   1 0
2300010000BE78063042578486                  EURCANSELIET PASCALE                                                             0 1
31000100012105130847580054     001500001001CANSELIET PASCALE                                                                 1 0
3200010001RUE JOSEPH LIZON 14                7950 CHIEVRES                                                                   0 0
8103250013850069 EUR0BE                  0000000102067270130521                                                                0
9               000007000000000000000000000000040000                                                                           1
