0000028052120005                  L.B.SCLER.PL.ASBL/S.CENTR GEBABEBB   00424264043 00000                                       2
10114250013850069 EUR0BE                  0000000104231530270521L.B.SCLER.PL.ASBL/S.CENTR                                    114
21000100002105281431367734     0000000000101990280521001500000RUBAN 2021                                           28052111401 0
2200010000                                                                                        GEBABEBB                   1 0
2300010000BE06210047691922                  EURDE HARLEZ DE DEULIN-JOSEPH                                                    0 1
31000100012105281431367734     001500001001DE HARLEZ DE DEULIN-JOSEPH                                                        1 0
3200010001AV.FR.ROOSEVELT 132                1050 BRUXELLES                                                                  0 0
21000200002105281517448492     0000000000100000280521001500000                                                     28052111401 0
2200020000                                                                                        BBRUBEBB                   1 0
2300020000BE07371024337366                  EURMME JEAN ARNO HERBINIAT                                                       0 1
31000200012105281517448492     001500001001MME JEAN ARNO HERBINIAT                                                           1 0
3200020001BOULEVARD DU TIVOLI 45 B1          7100 LA LOUVIERE                                                                0 0
21000300002105281610249623     0000000000100000280521002500000DON - RUBAN 2021                                     28052111401 0
2200030000                                                     NOTPROVIDED                        BBRUBEBBXXX        OTHR    1 0
2300030000BE51340056689262                  EURMME MARIA DOLORES LOPEZ                                                       0 1
31000300012105281610249623     002500001001MME MARIA DOLORES LOPEZ                                                           1 0
3200030001RUE DU VIEUX MOULIN 1A/1B          4180 HAMOIR                                                                     0 0
21000400002105281517448501     0000000000050000280521001500000RUAN 2021                                            28052111401 0
2200040000                                                                                        BBRUBEBB                   1 0
2300040000BE75350018743351                  EURMME ANNE MARIE MONFORT                                                        0 1
31000400012105281517448501     001500001001MME ANNE MARIE MONFORT                                                            1 0
3200040001RUE DE LA RETRAITE 5               5555 BIEVRE                                                                     0 0
21000500002105281701506659     0000000000042000280521001500000RUBAN 2021                                           28052111401 0
2200050000                                                                                        GEBABEBB                   1 0
2300050000BE16210076612874                  EURDELVAUX CLAUDE                                                                0 1
31000500012105281701506659     001500001001DELVAUX CLAUDE                                                                    1 0
3200050001RUE GILLES DAGNEAU 12              1390 GREZ-DOICEAU                                                               0 0
21000600002105280957136002     0000000000040000270521001500000RUBAN 2021                                           28052111401 0
2200060000                                                                                        GEBABEBB                   1 0
2300060000BE28143085575020                  EURDAMINETTE AGNES                                                               0 1
31000600012105280957136002     001500001001DAMINETTE AGNES                                                                   1 0
3200060001RUE EMILE JAMBE 21                 7021 MONS                                                                       0 0
21000700002105281021240862     0000000000040000280521001500000RUBAN 2021                                           28052111401 0
2200070000                                                                                        NICABEBB                   1 0
2300070000BE16103011213874                  EURCORNIL - VAN WYNSBERGHE                                                       0 1
31000700012105281021240862     001500001001CORNIL - VAN WYNSBERGHE                                                           1 0
3200070001CHEM FOYAU 1                       7050 MASNUY-ST-JEAN                                                             0 0
21000800002105281517448513     0000000000040000280521001500000RUBAN 2021                                           28052111401 0
2200080000                                                     VZ114748YAD7VL01                   CTBKBEBX                   1 0
2300080000BE71109660010469                  EURMME JEANNE ACKERMANS                                                          0 1
31000800012105281517448513     001500001001MME JEANNE ACKERMANS                                                              1 0
3200080001AVENUE DES MESANGES 28             1410 WATERLOO                                                                   0 0
21000900002105281902295394     0000000000040000280521001500000                                                     28052111401 0
2200090000                                                                                        GEBABEBB                   1 0
2300090000BE15240061675230                  EURLEJEUNE BENOIT                                                                0 1
31000900012105281902295394     001500001001LEJEUNE BENOIT                                                                    1 0
3200090001R.GENERAL BERTRAND 82              4000 LIEGE                                                                      0 0
21001000002105281902295434     0000000000040000280521001500000RUBAN 2021                                           28052111401 0
2200100000                                                                                        GEBABEBB                   1 0
2300100000BE58240029980579                  EURABRASSART CHARLES                                                             0 1
31001000012105281902295434     001500001001ABRASSART CHARLES                                                                 1 0
3200100001AV. JACQUES GREGOIRE 36            4500 HUY                                                                        0 0
21001100002105280957135700     0000000000020000280521001500000AIDE A LA RECHERCHE                                  28052111401 0
2200110000                                                     174992621                          GEBABEBB                   1 0
2300110000BE84240028213159                  EURNEY MONIQUE                                                                   0 1
31001100012105280957135700     001500001001NEY MONIQUE                                                                       1 0
3200110001RUE JULES CLASKIN 16               4460 GRACE-HOLLOGNE                                                             0 0
21001200002105281431367688     0000000000020000280521001500000RUBAN 2021                                           28052111401 0
2200120000                                                                                        GEBABEBB                   1 0
2300120000BE29240085307864                  EURBECK MECHTHILDE                                                               0 1
31001200012105281431367688     001500001001BECK MECHTHILDE                                                                   1 0
3200120001RUE HOCHETS 28                     4530 VILLERS-LE-BOUILLET                                                        0 0
21001300002105280957136056     0000000000010000280521001500000RUBAN BLEU                                           28052111401 0
2200130000                                                                                        GEBABEBB                   1 0
2300130000BE36001242490881                  EURDION BRUNO                                                                    0 1
31001300012105280957136056     001500001001DION BRUNO                                                                        1 0
3200130001ROUTE DE LA TOUR 23                6800 LIBRAMONT-CHEVIGNY                                                         0 0
21001400002105281517448467     0000000000010000280521001500000DON                                                  28052111401 0
2200140000                                                     20210528CEC101003334-006020        KEYTBEBB                   1 0
2300140000BE45651140338289                  EURSTEPHANE FAURE                                                                0 1
31001400012105281517448467     001500001001STEPHANE FAURE                                                                    1 0
3200140001AVENUE DU DOMAINE 185B8            1190 FOREST                                                                     0 0
21001500002105280855047774     0000000000005000280521001500000                                                     28052111401 0
2200150000                                                                                        BBRUBEBB                   1 0
2300150000BE45363169706489                  EURMME FRANCOISE BUREAU                                                          0 1
31001500012105280855047774     001500001001MME FRANCOISE BUREAU                                                              1 0
3200150001OUDE VIERSCHAARSTRAAT 26           9831 DEURLE                                                                     0 0
21001600002105281431367583     0000000000005000280521001500000RUBAN 2021                                           28052111401 0
2200160000                                                                                        GEBABEBB                   1 0
2300160000BE72001182664416                  EURSIBILLE GENEVIEVE                                                             0 1
31001600012105281431367583     001500001001SIBILLE GENEVIEVE                                                                 1 0
3200160001PONT BARA 50 E                     6560 ERQUELINNES                                                                0 0
21001700002105281517448527     0000000000002000280521001500000RUBAN 2021                                           28052111401 0
2200170000                                                                                        BBRUBEBB                   1 0
2300170000BE49363103405171                  EURM LUCIEN DEWINGUE                                                             0 1
31001700012105281517448527     001500001001M LUCIEN DEWINGUE                                                                 1 0
3200170001CH DE DOUAI 84                     7610 RUMES                                                                      0 0
8114250013850069 EUR0BE                  0000000104897520280521                                                                0
9               000087000000000000000000000000665990                                                                           1
