0000013022120005                  L.B.SCLER.PL.ASBL/S.CENTR GEBABEBB   00424264043 00000                                       2
10032250013850069 EUR0BE                  0000000139092220110221L.B.SCLER.PL.ASBL/S.CENTR                                    032
21000100002102131745582372     0000000000050000130221001500000EN SOUVENIR DE JEAN-LOUIS THEATRE                    13022103201 0
2200010000                                                                                        GEBABEBB                   1 0
2300010000BE30210037476711                  EURLYBAERT GILBERT                                                               0 1
31000100012102131745582372     001500001001LYBAERT GILBERT                                                                   1 0
3200010001CHAMP DU CYGNE 4                   1332 RIXENSART                                                                  0 0
8032250013850069 EUR0BE                  0000000139142220130221                                                                0
9               000007000000000000000000000000050000                                                                           1
