0000002042120005                  L.B.SCLER.PL.ASBL/S.CENTR GEBABEBB   00424264043 00000                                       2
10067250013850069 EUR0BE                  0000000091761520010421L.B.SCLER.PL.ASBL/S.CENTR                                    067
21000100002104021337235060     0000000000200000020421002500000DON                                                  02042106701 0
2200010000                                                     NOTPROVIDED                        BBRUBEBBXXX        OTHR    1 0
2300010000BE04360030014331                  EURMME RENEE KENNIS                                                              0 1
31000100012104021337235060     002500001001MME RENEE KENNIS                                                                  1 0
3200010001RUE SAINT-ROCH(GER) 1/2            6280 GERPINNES                                                                  0 0
21000200002104021633364923     0000000000045000020421002500000SOUTIEN 2021                                         02042106701 0
2200020000                                                     NOTPROVIDED                        BBRUBEBBXXX        OTHR    1 0
2300020000BE11310096899248                  EURM PHILIPPE DESMARS                                                            0 1
31000200012104021633364923     002500001001M PHILIPPE DESMARS                                                                1 0
3200020001AV NEPTUNE 30 B3                   1190 FOREST                                                                     0 0
21000300002104021746312387     0000000000010000020421001500000DON                                                  02042106701 0
2200030000                                                                                        GEBABEBB                   1 0
2300030000BE70001230796725                  EURSPAUTE CATHERINE                                                              0 1
31000300012104021746312387     001500001001SPAUTE CATHERINE                                                                  1 0
3200030001RUE ADRIEN VICTOR 15               6750 MUSSON                                                                     0 0
8067250013850069 EUR0BE                  0000000092016520020421                                                                0
9               000017000000000000000000000000255000                                                                           1
