0000006052120005                  L.B.SCLER.PL.ASBL/S.CENTR GEBABEBB   00424264043 00000                                       2
10096250013850069 EUR0BE                  0000000101039270050521L.B.SCLER.PL.ASBL/S.CENTR                                    096
21000100002105060956561970     0000000000100000050521001500000DON MILARD ANNE-CHRISTINE                            06052109601 0
2200010000                                                                                        GEBABEBB                   1 0
2300010000BE45001688730489                  EURMILARD ANNE-CHRISTINE                                                         0 1
31000100012105060956561970     001500001001MILARD ANNE-CHRISTINE                                                             1 0
3200010001AVENUE HERBOFIN 5 303              6800 LIBRAMONT-CHEVIGNY                                                         0 0
21000200002105060850198158     0000000000005000060521001500000DON                                                  06052109601 0
2200020000                                                                                        BPOTBEB1                   1 0
2300020000BE07000126572266                  EURALMER RUDOLF                                                                  0 1
31000200012105060850198158     001500001001ALMER RUDOLF                                                                      1 0
3200020001RUE TOUT VA BIEN, 98               4420 SAINT-NICOLAS                                                              0 1
31000200022105060850198158     001500001008LIGUE BELGE DE LA SCLA ROSE EN PLAQU                                              0 1
31000200032105060850198158     001500001009ALMER RUDOLF                                                                      0 0
21000300002105060956562057     0000000000004000060521001500000                                                     06052109601 0
2200030000                                                     147817868                          GEBABEBB                   1 0
2300030000BE98210076731193                  EURMR ET MME VANHERCK-MAZY                                                       0 1
31000300012105060956562057     001500001001MR ET MME VANHERCK-MAZY                                                           1 0
3200030001RUE CASTOR 6                       1421 BRAINE-L'ALLEUD                                                            0 0
8096250013850069 EUR0BE                  0000000101148270060521                                                                0
9               000019000000000000000000000000109000                                                                           1
