0000030052120005                  L.B.SCLER.PL.ASBL/S.CENTR GEBABEBB   00424264043 00000                                       2
10116250013850069 EUR0BE                  0000000105147520290521L.B.SCLER.PL.ASBL/S.CENTR                                    116
21000100002105301216169024     0000000000100000300521001500000RUBAN 2021                                           30052111601 0
2200010000                                                                                        GEBABEBB                   1 0
2300010000BE97240049746149                  EURCRESPIN FRANCOISE                                                             0 1
31000100012105301216169024     001500001001CRESPIN FRANCOISE                                                                 1 0
3200010001RUE DES CARMES 1                   4600 VISE                                                                       0 0
21000200002105292034582621     0000000000042000290521002500000RUBAN2021                                            30052111601 0
2200020000                                                     NOTPROVIDED                        BBRUBEBBXXX        OTHR    1 0
2300020000BE94920102250814                  EURMME MARIE CORBIAU                                                             0 1
31000200012105292034582621     002500001001MME MARIE CORBIAU                                                                 1 0
3200020001CH DES CERISES 14                  1300 WAVRE                                                                      0 0
8116250013850069 EUR0BE                  0000000105289520300521                                                                0
9               000012000000000000000000000000142000                                                                           1
