0000019102120005                  L.B.SCLER.PL.ASBL/S.CENTR GEBABEBB   00424264043 00000                                       2
10240250013850069 EUR0BE                  0000000107119160181021L.B.SCLER.PL.ASBL/S.CENTR                                    240
21000100002110190924209897     00000000001000001910210025000002102-117703                                          19102124001 0
2200010000                                                     000142495575                       AXABBE22XXX                1 0
2300010000BE44750623747245                  EURMOURMANNE CHRISTEL                                                            0 1
31000100012110190924209897     002500001001MOURMANNE CHRISTEL                                                                1 0
3200010001CH. DE LA DUQUEGNIES 14            7750 ANSEROEUL                                                                  0 0
21000200002110191018553767     00000000001000001910210015000002102-108480                                          19102124001 0
2200020000                                                                                        NICABEBB                   1 0
2300020000BE08853840939613                  EURCRAMPTON - PASQUET                                                            0 1
31000200012110191018553767     001500001001CRAMPTON - PASQUET                                                                1 0
3200020001HONNEKINBERG 15                    1950 KRAAINEM                                                                   0 0
21000300002110191505439630     00000000000800001910210025000002102-117798                                          19102124001 0
2200030000                                                     NOTPROVIDED                        CREGBEBBXXX                1 0
2300030000BE50732662021718                  EURDELMOTTE-VANDECASTEELE J + R                                                  0 1
31000300012110191505439630     002500001001DELMOTTE-VANDECASTEELE J + R                                                      1 0
3200030001RUE DE TAISNIERES 33               7080 SARS-LA-BRUYERE                                                            0 0
21000400002110190851380796     0000000000010000191021001500000EN SOUVENIR DE VINCENT                               19102124001 0
2200040000                                                                                        GKCCBEBB                   1 0
2300040000BE07063957228266                  EURGRIFFE GENEVIEVE                                                              0 1
31000400012110190851380796     001500001001GRIFFE GENEVIEVE                                                                  1 0
3200040001RUE DE SELYS 33                    4053 EMBOURG                                                                    0 0
21000500002110191447048720     0000000000010000191021002500000MENTION 2102-89252                                   19102124001 0
2200050000                                                     NOTPROVIDED                        BBRUBEBBXXX        OTHR    1 0
2300050000BE85310157520006                  EURM PIERRE COULON                                                               0 1
31000500012110191447048720     002500001001M PIERRE COULON                                                                   1 0
3200050001AV D OPPEM 104                     1970 WEZEMBEEK OPP                                                              0 0
8240250013850069 EUR0BE                  0000000107419160191021                                                                0
9               000027000000000000000000000000300000                                                                           1
