0000015072120005                  L.B.SCLER.PL.ASBL/S.CENTR GEBABEBB   00424264043 00000                                       2
10157250013850069 EUR0BE                  0000000118771890140721L.B.SCLER.PL.ASBL/S.CENTR                                    157
21000100002107150848160463     0000000000160000150721001500000COTISAT'2021                                         15072115701 0
2200010000                                                                                        GKCCBEBB                   1 0
2300010000BE66063900616743                  EURRUELLE SERGE                                                                  0 1
31000100012107150848160463     001500001001RUELLE SERGE                                                                      1 0
3200010001RUE DE LA BRUYERE 106              4400 FLEMALLE                                                                   0 0
21000200002107151217314362     0000000000060000150721001500000                                                     15072115701 0
2200020000                                                                                        GEBABEBB                   1 0
2300020000BE91271007075776                  EURJ-P.KINTS-BOURGOIS                                                            0 1
31000200012107151217314362     001500001001J-P.KINTS-BOURGOIS                                                                1 0
3200020001RUE DU PRINCE 7                    1320 BEAUVECHAIN                                                                0 0
21000300002107150848160521     0000000000040000150721001500000A LA MEMOIRE DE REINHILDE RABAU                      15072115701 0
2200030000                                                                                        BBRUBEBB                   1 0
2300030000BE40310024868563                  EURMME LILIANE BOTSPOEL                                                          0 1
31000300012107150848160521     001500001001MME LILIANE BOTSPOEL                                                              1 0
3200030001BD L METTEWIE 447 BTE 9            1080 MOLENBEEK-ST-J                                                             0 0
21000400002107150848160511     0000000000020000150721001500000                                                     15072115701 0
2200040000                                                                                        BBRUBEBB                   1 0
2300040000BE11363137469248                  EURM EDOUARD NIFFLE                                                              0 1
31000400012107150848160511     001500001001M EDOUARD NIFFLE                                                                  1 0
3200040001RUE SUR LA FONTAINE 114            4000 LIEGE                                                                      0 0
21000500002107150957176916     0000000000020000150721001500000                                                     15072115701 0
2200050000                                                     170777949                          GEBABEBB                   1 0
2300050000BE12240057316492                  EURDOUTREWE JEAN                                                                 0 1
31000500012107150957176916     001500001001DOUTREWE JEAN                                                                     1 0
3200050001RUE NOUWEN 21                      4690 BASSENGE                                                                   0 0
21000600002107150957176805     0000000000015000150721001500000DON MENSUEL                                          15072115701 0
2200060000                                                     033868830                          GEBABEBB                   1 0
2300060000BE44001142179545                  EURDE SMEDT-STAS                                                                 0 1
31000600012107150957176805     001500001001DE SMEDT-STAS                                                                     1 0
3200060001I. CROKAERTSTRAAT 280              1731 ASSE                                                                       0 0
21000700002107151746325345     0000000000010000150721001500000                                                     15072115701 0
2200070000                                                                                        GEBABEBB                   1 0
2300070000BE69001485524078                  EURAMATO FILIPPA                                                                 0 1
31000700012107151746325345     001500001001AMATO FILIPPA                                                                     1 0
3200070001RUE DES REWES 11                   4420 SAINT-NICOLAS                                                              0 0
21000800002107150848160562     00000000000035001507210015000001102 - 112815                                        15072115701 0
2200080000                                                                                        BBRUBEBB                   1 0
2300080000BE07310082283166                  EURMME ROSANE BULLMAN                                                            0 1
31000800012107150848160562     001500001001MME ROSANE BULLMAN                                                                1 0
3200080001PARVIS ST PIERRE 12                1180 UCCLE                                                                      0 0
8157250013850069 EUR0BE                  0000000119100390150721                                                                0
9               000042000000000000000000000000328500                                                                           1
