0000024092120005                  L.B.SCLER.PL.ASBL/S.CENTR GEBABEBB   00424264043 00000                                       2
10218250013850069 EUR0BE                  0000000142872910230921L.B.SCLER.PL.ASBL/S.CENTR                                    218
21000100002109241518120427     0000000000050000240921001500000109887                                               24092121801 0
2200010000                                                                                        BBRUBEBB                   1 0
2300010000BE18310008378765                  EURMME JACQUELINE DEBBAUDT                                                       0 1
31000100012109241518120427     001500001001MME JACQUELINE DEBBAUDT                                                           1 0
3200010001RUE DES CAILLOUX 22                1330 RIXENSART                                                                  0 0
21000200002109240851118653     0000000000005000240921001500000                                                     24092121801 0
2200020000                                                                                        GKCCBEBB                   1 0
2300020000BE30063059875711                  EURVAN RUYMBEKE CARINE                                                           0 1
31000200012109240851118653     001500001001VAN RUYMBEKE CARINE                                                               1 0
3200020001RUE ARTAN 152                      1030 BRUXELLES                                                                  0 0
21000300002109241415377912     1000000040000000240921001010000TFT SALAIRES                                         24092121801 0
2200030000                                                     202109230949491395ISABEL           GEBABEBB                   1 0
2300030000BE49001392733171                  EURL.B SCLER.PL ASBL                                                             0 1
31000300012109241415377912     001010001001L.B SCLER.PL ASBL                                                                 1 0
3200030001RUE DES LINOTTES 6                 5100 NANINNE                                                                    0 0
21000400002109241415377810     1000000000100000240921001010000PAS AF CAR LBSP PARRAINAGE 20 KM LEONARDO FABRIZIO AG24092121801 0
2200040000NITIO CONSULTING                                     202109230956573007ISABEL           GEBABEBB                   1 0
2300040000BE27001789521573                  EURS.A.P.A.S.E.P/MOVE SEP                                                        0 1
31000400012109241415377810     001010001001S.A.P.A.S.E.P/MOVE SEP                                                            1 0
3200040001RUE DES LINOTTES 6                 5100 NANINNE                                                                    0 0
8218250013850069 EUR0BE                  0000000102827910240921                                                                0
9               000022000000040100000000000000055000                                                                           1
