0000021102120005                  L.B.SCLER.PL.ASBL/S.CENTR GEBABEBB   00424264043 00000                                       2
10242250013850069 EUR0BE                  0000000107759160201021L.B.SCLER.PL.ASBL/S.CENTR                                    242
21000100002110210848536899     00000000001000002110210015000002102-91271                                           21102124201 0
2200010000                                                                                        GKCCBEBB                   1 0
2300010000BE35799500445937                  EURGISTELINCK JEAN-PAUL                                                          0 1
31000100012110210848536899     001500001001GISTELINCK JEAN-PAUL                                                              1 0
3200010001RUE DU CROMBION 10                 7700 MOUSCRON                                                                   0 0
21000200002110210848536925     0000000000100000211021001500000                                                     21102124201 0
2200020000                                                                                        GKCCBEBB                   1 0
2300020000BE56063993547288                  EURFREROTTE CHRISTIAN                                                            0 1
31000200012110210848536925     001500001001FREROTTE CHRISTIAN                                                                1 0
3200020001RUE DE BEAUMONT 287                6030 MARCHIENNE-AU-PONT                                                         0 0
21000300002110211102116230     00000000000400002110210015000002102-88660                                           21102124201 0
2200030000                                                                                        GEBABEBB                   1 0
2300030000BE15248032873330                  EURBRIXHE ADOLPHE                                                                0 1
31000300012110211102116230     001500001001BRIXHE ADOLPHE                                                                    1 0
3200030001RUE DES GENETS 12                  4800 VERVIERS                                                                   0 0
8242250013850069 EUR0BE                  0000000107999160211021                                                                0
9               000017000000000000000000000000240000                                                                           1
