0000008062120005                  L.B.SCLER.PL.ASBL/S.CENTR GEBABEBB   00424264043 00000                                       2
10125250013850069 EUR0BE                  0000000108637020070621L.B.SCLER.PL.ASBL/S.CENTR                                    125
21000100002106081146110060     0000000003520120080621001500000YYW1014073750598                                     08062112501 0
2200010000                                                     YYW1014073750598 PAYPAL            BNPAFRPP                   1 0
2300010000FR7630004021180001013711792       EURPAYPAL EUROPE SARL ET CIE SCA                                                 0 1
31000100012106081146110060     001500001001PAYPAL EUROPE SARL ET CIE SCA                                                     1 0
3200010001 22 24 BOULEVARD ROY               AL 2449 LUXEMBOURG                                                              0 0
21000200002106081102202061     0000000000200000080621001500000RUBAN 2021                                           08062112501 0
2200020000                                                                                        GEBABEBB                   1 0
2300020000BE78270035030086                  EURAGNEESSENS MARIE-CHRISTINE                                                    0 1
31000200012106081102202061     001500001001AGNEESSENS MARIE-CHRISTINE                                                        1 0
3200020001CHEMIN DU STOQUOIS 27              1430 REBECQ                                                                     0 0
21000300002106081433311285     0000000000150000080621001500000RUBAN 2021 - 114575 - DON                            08062112501 0
2200030000                                                                                        GEBABEBB                   1 0
2300030000BE84271046601559                  EURBRASSINE-PEETERS                                                              0 1
31000300012106081433311285     001500001001BRASSINE-PEETERS                                                                  1 0
3200030001RUE AUX FLEURS 31                  1380 LASNE                                                                      0 0
21000400002106080852112421     0000000000050000080621001500000RUBAN 2021                                           08062112501 0
2200040000                                                     6100-20210607-6070309740           BPOTBEB1                   1 0
2300040000BE18000066383665                  EURM. PIERRE WINS                                                                0 1
31000400012106080852112421     001500001001M. PIERRE WINS                                                                    1 0
3200040001RUE ALBERT-DE-CUYCK,26             4000 LIEGE                                                                      0 0
21000500002106081433311356     0000000000050000080621001500000PROTF.TS 2021 - 88118 RHSRALHH VPL.                  08062112501 0
2200050000                                                                                        GEBABEBB                   1 0
2300050000BE55143076100544                  EURBECKERS LUCIEN                                                                0 1
31000500012106081433311356     001500001001BECKERS LUCIEN                                                                    1 0
3200050001LES GRANDS PRES 1                  4831 LIMBOURG                                                                   0 0
21000600002106081746328416     0000000000050000080621001500000RUBAN 2021                                           08062112501 0
2200060000                                                                                        GEBABEBB                   1 0
2300060000BE39210051688019                  EURMME DANIELLE DE CLERCQ                                                        0 1
31000600012106081746328416     001500001001MME DANIELLE DE CLERCQ                                                            1 0
3200060001AV.GEN. EISENHOWER 121             1030 SCHAERBEEK                                                                 0 0
21000700002106080852112431     0000000000040000080621001500000PROJECTS 2021-115093                                 08062112501 0
2200070000                                                     6100-20210607-6070300285           BPOTBEB1                   1 0
2300070000BE39000024203419                  EURMME ANDREE LUYERS                                                             0 1
31000700012106080852112431     001500001001MME ANDREE LUYERS                                                                 1 0
3200070001RUE EMILE DELTENRE(SS),26          7912 FRASNES-LEZ-ANVAING                                                        0 0
21000800002106081040072973     0000000000040000080621002500000DON 2021 - PROJETS 2021 - 95457                      08062112501 0
2200080000                                                     NOTPROVIDED                        BBRUBEBBXXX        OTHR    1 0
2300080000BE39310059076019                  EURMME JACQUELINE TILMANT                                                        0 1
31000800012106081040072973     002500001001MME JACQUELINE TILMANT                                                            1 0
3200080001AV DES EPERVIERS 113/35            1150 WOLUWE-ST-PIER                                                             0 0
21000900002106080852112402     0000000000002500080621001500000                                                     08062112501 0
2200090000                                                                                        GKCCBEBB                   1 0
2300090000BE51063997424662                  EURCAUFRIEZ LAURENT                                                              0 1
31000900012106080852112402     001500001001CAUFRIEZ LAURENT                                                                  1 0
3200090001RUE DU SURTIA 19                   5081 SAINT-DENIS-BOVESSE                                                        0 0
8125250013850069 EUR0BE                  0000000112739640080621                                                                0
9               000047000000000000000000000004102620                                                                           1
