0000009022120005                  L.B.SCLER.PL.ASBL/S.CENTR GEBABEBB   00424264043 00000                                       2
10029250013850069 EUR0BE                  0000000138817220080221L.B.SCLER.PL.ASBL/S.CENTR                                    029
21000100002102090956239291     00000000000050000902210015000000402-91783 DON MENSUEL                               09022102901 0
2200010000                                                     050987657                          GEBABEBB                   1 0
2300010000BE54001101231397                  EURHOFMAN JEANNE                                                                 0 1
31000100012102090956239291     001500001001HOFMAN JEANNE                                                                     1 0
3200010001RUE THIER DU RY 35                 4671 BLEGNY                                                                     0 0
8029250013850069 EUR0BE                  0000000138822220090221                                                                0
9               000007000000000000000000000000005000                                                                           1
