0000009062120005                  L.B.SCLER.PL.ASBL/S.CENTR GEBABEBB   00424264043 00000                                       2
10126250013850069 EUR0BE                  0000000112739640080621L.B.SCLER.PL.ASBL/S.CENTR                                    126
21000100002106090850465536     0000000000400000090621001500000DON  EDITION RUBAN 2021                              09062112601 0
2200010000                                                                                        GKCCBEBB                   1 0
2300010000BE20068910153956                  EURDOCTEUR NICOLAS DECHAMPS,                                                     0 1
31000100012106090850465536     001500001001DOCTEUR NICOLAS DECHAMPS,                                                         1 0
3200010001MEDECIN GENERALISTE SRL            5002 SAINT-SERVAIS                                                              0 0
21000200002106090850465514     0000000000100000090621001500000RUBAN 2021 BONNE CHANCE SOUTIEN AS                   09062112601 0
2200020000                                                     6100-20210608-6080303035           BPOTBEB1                   1 0
2300020000BE32000449149002                  EURMME LUCIENNE BROUWERS                                                         0 1
31000200012106090850465514     001500001001MME LUCIENNE BROUWERS                                                             1 0
3200020001RUE D'ELVAUX, 40                   4650 HERVE                                                                      0 0
21000300002106082142405336     0000000000050000080621002500000EN SOUVENIR DE KARINE WILLEMS, EPOUSE STIERNET (JETTE09062112601 0
2200030000)                                                    NOTPROVIDED                        BBRUBEBBXXX        OTHR    1 0
2300030000BE92310057631123                  EURM DIDIER DEBACKER                                                             0 1
31000300012106082142405336     002500001001M DIDIER DEBACKER                                                                 1 0
3200030001RUE DU TOUQUET 8                   7522 BLANDAIN                                                                   0 0
21000400002106091101491964     0000000000050000090621001500000PROIETS2021--118144                                  09062112601 0
2200040000                                                                                        GEBABEBB                   1 0
2300040000BE37267021593128                  EURPAYOT-SIMON                                                                   0 1
31000400012106091101491964     001500001001PAYOT-SIMON                                                                       1 0
3200040001RUE ARTHUR LEFEBVRE 8              6800 LIBRAMONT-CHEVIGNY                                                         0 0
21000500002106091432495277     0000000000050000090621001500000RUBAN 2021                                           09062112601 0
2200050000                                                                                        GEBABEBB                   1 0
2300050000BE76001597715995                  EURBELLENS LIA                                                                   0 1
31000500012106091432495277     001500001001BELLENS LIA                                                                       1 0
3200050001AV.H.DE BROUCKERE 58               1160 AUDERGHEM                                                                  0 0
21000600002106090850465544     0000000000040000090621001500000RUBAN 2021                                           09062112601 0
2200060000                                                     6100-20210608-6080311365           BPOTBEB1                   1 0
2300060000BE23000056521391                  EURMME FRANCINE DEKEMEL                                                          0 1
31000600012106090850465544     001500001001MME FRANCINE DEKEMEL                                                              1 0
3200060001RUE VAN ARTEVELDE 153 /B016        1000 BRUXELLES                                                                  0 0
21000700002106091101491892     0000000000010000090621001500000SOUTIEN A LA LIGUE SEP NAMUR                         09062112601 0
2200070000                                                                                        GEBABEBB                   1 0
2300070000BE54001321275897                  EURFROGNIER FREDERIC                                                             0 1
31000700012106091101491892     001500001001FROGNIER FREDERIC                                                                 1 0
3200070001AV.DES ACACIAS 99                  5101 NAMUR                                                                      0 0
21000800002106090956495790     00000000000050000906210015000000402-91783 DON MENSUEL                               09062112601 0
2200080000                                                     050987657                          GEBABEBB                   1 0
2300080000BE54001101231397                  EURHOFMAN JEANNE                                                                 0 1
31000800012106090956495790     001500001001HOFMAN JEANNE                                                                     1 0
3200080001RUE THIER DU RY 35                 4671 BLEGNY                                                                     0 0
8126250013850069 EUR0BE                  0000000113444640090621                                                                0
9               000042000000000000000000000000705000                                                                           1
