0000027052120005                  L.B.SCLER.PL.ASBL/S.CENTR GEBABEBB   00424264043 00000                                       2
10113250013850069 EUR0BE                  0000000103031530250521L.B.SCLER.PL.ASBL/S.CENTR                                    113
21000100002105271701333981     0000000001000000270521001500000RUBAN 2021                                           27052111301 0
2200010000                                                                                        GEBABEBB                   1 0
2300010000BE31001442017255                  EURBEMELMANS GISELE                                                              0 1
31000100012105271701333981     001500001001BEMELMANS GISELE                                                                  1 0
3200010001AV. DU DOMAINE 149 B07             1190 FOREST                                                                     0 0
21000200002105271218135012     0000000000100000270521001500000DON RUBAN 2021                                       27052111301 0
2200020000                                                                                        GEBABEBB                   1 0
2300020000BE37001031917928                  EURDEMEUSE-HOEBERS                                                               0 1
31000200012105271218135012     001500001001DEMEUSE-HOEBERS                                                                   1 0
3200020001RUE DE LIMALSART 20 102            1330 RIXENSART                                                                  0 0
21000300002105271431276890     0000000000100000270521001500000RUBAN 2021                                           27052111301 0
2200030000                                                                                        GEBABEBB                   1 0
2300030000BE45260019014089                  EURDE PELSEMACKER BERNARD                                                        0 1
31000300012105271431276890     001500001001DE PELSEMACKER BERNARD                                                            1 0
3200030001RUE DES ALOUETTES 41               6180 COURCELLES                                                                 0 0
8113250013850069 EUR0BE                  0000000104231530270521                                                                0
9               000017000000000000000000000001200000                                                                           1
