0000022022120005                  L.B.SCLER.PL.ASBL/S.CENTR GEBABEBB   00424264043 00000                                       2
10037250013850069 EUR0BE                  0000000139580720200221L.B.SCLER.PL.ASBL/S.CENTR                                    037
21000100002102220934157917     00000000001000002202210015000002002-100635                                          22022103701 0
2200010000                                                                                        GEBABEBB                   1 0
2300010000BE13210000774739                  EURMME ERNEST DE SELLIERS                                                        0 1
31000100012102220934157917     001500001001MME ERNEST DE SELLIERS                                                            1 0
3200010001ZAVELSTRAAT 2                      1933 ZAVENTEM                                                                   0 0
21000200002102221317528570     0000000000030000220221001500000INTERVENTION ANNUELLE                                22022103701 0
2200020000                                                                                        ARSPBE22                   1 0
2300020000BE80979434741877                  EURANDRE TOINT                                                                   0 1
31000200012102221317528570     001500001001ANDRE TOINT                                                                       1 0
3200020001AVENUE DU BOSQUET 29               1332 GENVAL                                                                     0 0
21000300002102221815388565     1000000050000000220221001010000ACOMPTES SALAIRES                                    22022103701 0
2200030000                                                     202102221215510274ISABEL           GEBABEBB                   1 0
2300030000BE49001392733171                  EURL.B SCLER.PL ASBL                                                             0 1
31000300012102221815388565     001010001001L.B SCLER.PL ASBL                                                                 1 0
3200030001RUE DES LINOTTES 6                 5100 NANINNE                                                                    0 0
8037250013850069 EUR0BE                  0000000089710720220221                                                                0
9               000017000000050000000000000000130000                                                                           1
