0000030042120005                  L.B.SCLER.PL.ASBL/S.CENTR GEBABEBB   00424264043 00000                                       2
10090250013850069 EUR0BE                  0000000098585270290421L.B.SCLER.PL.ASBL/S.CENTR                                    090
21000100002104292234457886     0000000000040000290421002500000EN SOUVENIR DE NORBERT                               30042109001 0
2200010000                                                     NOTPROVIDED                        BBRUBEBBXXX        OTHR    1 0
2300010000BE14360019989783                  EURM DOMINIQUE DE MEYERE                                                         0 1
31000100012104292234457886     002500001001M DOMINIQUE DE MEYERE                                                             1 0
3200010001RUE LONGUE 78                      6200 BOUFFIOULX                                                                 0 0
21000200002104301546292279     0000000000020000300421001500000PROTETS 2021 - 118033                                30042109001 0
2200020000                                                                                        GEBABEBB                   1 0
2300020000BE71271030093169                  EURKASSAM EBRAHIM SHADAT                                                         0 1
31000200012104301546292279     001500001001KASSAM EBRAHIM SHADAT                                                             1 0
3200020001CHEMIN DU VERT-BATY 23             1400 NIVELLES                                                                   0 0
21000300002104300852331143     0000000000010000300421001500000                                                     30042109001 0
2200030000                                                                                        CPHBBE75                   1 0
2300030000BE09126208606957                  EURM. DECROIX BENJAMIN                                                           0 1
31000300012104300852331143     001500001001M. DECROIX BENJAMIN                                                               1 0
3200030001RUE DES HAUCHIES 59                6010 COUILLET                                                                   0 0
21000400002104300852331232     0000000000010000300421001500000DON MENSUEL                                          30042109001 0
2200040000                                                                                        BBRUBEBB                   1 0
2300040000BE45363169706489                  EURMME FRANCOISE BUREAU                                                          0 1
31000400012104300852331232     001500001001MME FRANCOISE BUREAU                                                              1 0
3200040001OUDE VIERSCHAARSTRAAT 26           9831 DEURLE                                                                     0 0
21000500002104300852331216     0000000000005000300421001500000                                                     30042109001 0
2200050000                                                                                        BBRUBEBB                   1 0
2300050000BE45363169706489                  EURMME FRANCOISE BUREAU                                                          0 1
31000500012104300852331216     001500001001MME FRANCOISE BUREAU                                                              1 0
3200050001OUDE VIERSCHAARSTRAAT 26           9831 DEURLE                                                                     0 0
21000600002104300957254146     00000000000050003004210015000001802 115218                                          30042109001 0
2200060000                                                     173340332                          GEBABEBB                   1 0
2300060000BE95144056151158                  EURNANIOT CHRISTIAN                                                              0 1
31000600012104300957254146     001500001001NANIOT CHRISTIAN                                                                  1 0
3200060001RUE FETIS 26 402                   5500 DINANT                                                                     0 0
21000700002104300957254425     0000000000005000300421001500000                                                     30042109001 0
2200070000                                                     118113682                          GEBABEBB                   1 0
2300070000BE74210080476407                  EURDUBRULLE PIERRE                                                               0 1
31000700012104300957254425     001500001001DUBRULLE PIERRE                                                                   1 0
3200070001AVENUE VAN SEVER 74                1970 WEZEMBEEK-OPPEM                                                            0 0
8090250013850069 EUR0BE                  0000000098680270300421                                                                0
9               000037000000000000000000000000095000                                                                           1
