0000028012120005                  L.B.SCLER.PL.ASBL/S.CENTR GEBABEBB   00424264043 00000                                       2
10017250013850069 EUR0BE                  0000000138114220260121L.B.SCLER.PL.ASBL/S.CENTR                                    017
21000100002101281143045050     0000000000120000280121002500000DON                                                  28012101701 0
2200010000                                                     NOTPROVIDED                        BBRUBEBBXXX        OTHR    1 0
2300010000BE59340037460226                  EURCOSTANZO BUKAL                                                                0 1
31000100012101281143045050     002500001001COSTANZO BUKAL                                                                    1 0
3200010001CH DE TONGRES 406                  4450 JUPRELLE                                                                   0 0
21000200002101280852205318     00000000000650002801210015000002002-75530                                           28012101701 0
2200020000                                                                                        BPOTBEB1                   1 0
2300020000BE39000064836719                  EURM. MAX BEDORET                                                                0 1
31000200012101280852205318     001500001001M. MAX BEDORET                                                                    1 0
3200020001RUE EDMOND LENGRAND(MLC),2         6567 MERBES-LE-CHATEAU                                                          0 0
21000300002101281517525359     0000000000010000280121001500000DON                                                  28012101701 0
2200030000                                                     20210128CEC101003253-005984        KEYTBEBB                   1 0
2300030000BE45651140338289                  EURSTEPHANE FAURE                                                                0 1
31000300012101281517525359     001500001001STEPHANE FAURE                                                                    1 0
3200030001AVENUE DU DOMAINE 185B8            1190 FOREST                                                                     0 0
21000400002101281610381675     0000000000010000280121001500000DON                                                  28012101701 0
2200040000                                                                                        BMPBBEBB                   1 0
2300040000BE68643003206434                  EURRICARDO CARDOSO DE ANDRADE MENEZES                                            0 1
31000400012101281610381675     001500001001RICARDO CARDOSO DE ANDRADE MENEZES VALE                                           1 0
3200040001AV E VANDERVELDE 56 1200 BRUXELLES BE                                                                              0 0
8017250013850069 EUR0BE                  0000000138319220280121                                                                0
9               000022000000000000000000000000205000                                                                           1
