0000006072120005                  L.B.SCLER.PL.ASBL/S.CENTR GEBABEBB   00424264043 00000                                       2
10149250013850069 EUR0BE                  0000000118119640050721L.B.SCLER.PL.ASBL/S.CENTR                                    149
21000100002107061525021134     0000000000150000060721002500000DON BENEDICTE DENIS 880815-180-13                    06072114901 0
2200010000                                                     NOTPROVIDED                        BBRUBEBBXXX        OTHR    1 0
2300010000BE11377033582548                  EURMME BENEDICTE DENIS                                                           0 1
31000100012107061525021134     002500001001MME BENEDICTE DENIS                                                               1 0
3200010001RUE DE BARISART 34                 4900 SPA                                                                        0 0
21000200002107060848565971     0000000000005500060721001500000DON                                                  06072114901 0
2200020000                                                                                        GKCCBEBB                   1 0
2300020000BE88063172689741                  EURCERVELLIN SOPHIE                                                              0 1
31000200012107060848565971     001500001001CERVELLIN SOPHIE                                                                  1 0
3200020001CHAUSSEE DE GILLY 125/1            6043 RANSART                                                                    0 0
21000300002107060848566010     0000000000005000060721001500000DON                                                  06072114901 0
2200030000                                                                                        BPOTBEB1                   1 0
2300030000BE07000126572266                  EURALMER RUDOLF                                                                  0 1
31000300012107060848566010     001500001001ALMER RUDOLF                                                                      1 0
3200030001RUE TOUT VA BIEN, 98               4420 SAINT-NICOLAS                                                              0 1
31000300022107060848566010     001500001008LIGUE BELGE DE LA SCLA ROSE EN PLAQU                                              0 1
31000300032107060848566010     001500001009ALMER RUDOLF                                                                      0 0
21000400002107060957025472     0000000000004000060721001500000                                                     06072114901 0
2200040000                                                     147817868                          GEBABEBB                   1 0
2300040000BE98210076731193                  EURMR ET MME VANHERCK-MAZY                                                       0 1
31000400012107060957025472     001500001001MR ET MME VANHERCK-MAZY                                                           1 0
3200040001RUE CASTOR 6                       1421 BRAINE-L'ALLEUD                                                            0 0
8149250013850069 EUR0BE                  0000000118284140060721                                                                0
9               000024000000000000000000000000164500                                                                           1
