0000021092120005                  L.B.SCLER.PL.ASBL/S.CENTR GEBABEBB   00424264043 00000                                       2
10215250013850069 EUR0BE                  0000000142110910200921L.B.SCLER.PL.ASBL/S.CENTR                                    215
21000100002109210854067452     00000000001000002109210015000002102-113347                                          21092121501 0
2200010000                                                                                        GKCCBEBB                   1 0
2300010000BE82063083500968                  EURFALISE ALAIN                                                                  0 1
31000100012109210854067452     001500001001FALISE ALAIN                                                                      1 0
3200010001RUE PIRET-PAUCHET 15               5000 NAMUR                                                                      0 0
21000200002109210854067466     00000000000800002109210015000002102-114739                                          21092121501 0
2200020000                                                                                        GKCCBEBB                   1 0
2300020000BE70796516724725                  EURNOIRHOMME - JADIN                                                             0 1
31000200012109210854067466     001500001001NOIRHOMME - JADIN                                                                 1 0
3200020001RUE DES RESISTANTS 4               6900 MARCHE-EN-FAMENNE                                                          0 0
21000300002109210854067396     00000000000500002109210015000002102 - 114618                                        21092121501 0
2200030000                                                                                        GKCCBEBB                   1 0
2300030000BE41063066238810                  EURLAFLEUR NICOLE                                                                0 1
31000300012109210854067396     001500001001LAFLEUR NICOLE                                                                    1 0
3200030001BAS REJET 24                       7540 RUMILLIES                                                                  0 0
21000400002109211903130682     0000000000050000210921001500000DON                                                  21092121501 0
2200040000                                                                                        GEBABEBB                   1 0
2300040000BE94001031829214                  EURCARTON DE TOURNAI EMMANUEL                                                    0 1
31000400012109211903130682     001500001001CARTON DE TOURNAI EMMANUEL                                                        1 0
3200040001R. F.PELLETIER 79                  1030 SCHAERBEEK                                                                 0 0
21000500002109210854067486     00000000000200002109210015000002102 117839                                          21092121501 0
2200050000                                                                                        GKCCBEBB                   1 0
2300050000BE25063099478282                  EURMALICE - DELAUNOY                                                             0 1
31000500012109210854067486     001500001001MALICE - DELAUNOY                                                                 1 0
3200050001RUE DES CANADIENS 9                7350 HENSIES                                                                    0 0
21000600002109210854067476     0000000000010000210921001500000                                                     21092121501 0
2200060000                                                                                        GKCCBEBB                   1 0
2300060000BE56063153624288                  EURDEKOKER - CHIODO                                                              0 1
31000600012109210854067476     001500001001DEKOKER - CHIODO                                                                  1 0
3200060001RUE PRISONNIERS POL. 7             7080 FRAMERIES                                                                  0 0
21000700002109210854067496     00000000000100002109210015000001103.110894                                          21092121501 0
2200070000                                                                                        GKCCBEBB                   1 0
2300070000BE63776594154908                  EURRAMARD NATHALIE                                                               0 1
31000700012109210854067496     001500001001RAMARD NATHALIE                                                                   1 0
3200070001RUE DES CROISIERS 6/1              7712 HERSEAUX                                                                   0 0
8215250013850069 EUR0BE                  0000000142430910210921                                                                0
9               000037000000000000000000000000320000                                                                           1
