0000011012120005                  L.B.SCLER.PL.ASBL/S.CENTR GEBABEBB   00424264043 00000                                       2
10009250013850069 EUR0BE                  0000000137745970090121L.B.SCLER.PL.ASBL/S.CENTR                                    009
21000100002101110853489213     0000000000005000110121001500000DON MENSUEL                                          11012100901 0
2200010000                                                                                        CPHBBE75                   1 0
2300010000BE16126204505574                  EURM., MME FLABA GIBON ALAIN                                                     0 1
31000100012101110853489213     001500001001M., MME FLABA GIBON ALAIN                                                         1 0
3200010001RUE DE LA GOULETTE 122             6200 BOUFFIOULX                                                                 0 0
8009250013850069 EUR0BE                  0000000137750970110121                                                                0
9               000007000000000000000000000000005000                                                                           1
