0000030072120005                  L.B.SCLER.PL.ASBL/S.CENTR GEBABEBB   00424264043 00000                                       2
10166250013850069 EUR0BE                  0000000119844210290721L.B.SCLER.PL.ASBL/S.CENTR                                    166
21000100002107300852184045     0000000000010000300721001500000                                                     30072116601 0
2200010000                                                                                        CPHBBE75                   1 0
2300010000BE09126208606957                  EURM. DECROIX BENJAMIN                                                           0 1
31000100012107300852184045     001500001001M. DECROIX BENJAMIN                                                               1 0
3200010001RUE DES DEPORTES 8                 6110 MONTIGNY-LE-TILLEUL                                                        0 0
21000200002107300852184192     0000000000010000300721001500000DON MENSUEL                                          30072116601 0
2200020000                                                                                        BBRUBEBB                   1 0
2300020000BE45363169706489                  EURMME FRANCOISE BUREAU                                                          0 1
31000200012107300852184192     001500001001MME FRANCOISE BUREAU                                                              1 0
3200020001OUDE VIERSCHAARSTRAAT 26           9831 DEURLE                                                                     0 0
21000300002107300852184177     0000000000005000300721001500000                                                     30072116601 0
2200030000                                                                                        BBRUBEBB                   1 0
2300030000BE45363169706489                  EURMME FRANCOISE BUREAU                                                          0 1
31000300012107300852184177     001500001001MME FRANCOISE BUREAU                                                              1 0
3200030001OUDE VIERSCHAARSTRAAT 26           9831 DEURLE                                                                     0 0
8166250013850069 EUR0BE                  0000000119869210300721                                                                0
9               000017000000000000000000000000025000                                                                           1
