0000011072120005                  L.B.SCLER.PL.ASBL/S.CENTR GEBABEBB   00424264043 00000                                       2
10153250013850069 EUR0BE                  0000000118576890090721L.B.SCLER.PL.ASBL/S.CENTR                                    153
21000100002107102113179608     0000000000040000100721002500000PROJET 2021-109132                                   11072115301 0
2200010000                                                     NOTPROVIDED                        BBRUBEBBXXX        OTHR    1 0
2300010000BE05310136555575                  EUR. ANNE MARIE RASQUIN                                                          0 1
31000100012107102113179608     002500001001. ANNE MARIE RASQUIN                                                              1 0
3200010001AV DE MESSIDOR 186 BTE 16          1180 UCCLE                                                                      0 0
8153250013850069 EUR0BE                  0000000118616890110721                                                                0
9               000007000000000000000000000000040000                                                                           1
