0000013072120005                  L.B.SCLER.PL.ASBL/S.CENTR GEBABEBB   00424264043 00000                                       2
10155250013850069 EUR0BE                  0000000118621890120721L.B.SCLER.PL.ASBL/S.CENTR                                    155
21000100002107130956451628     0000000000015000120721001500000                                                     13072115501 0
2200010000                                                                                        GEBABEBB                   1 0
2300010000BE86001010745050                  EURBRENEZ MIREILLE                                                               0 1
31000100012107130956451628     001500001001BRENEZ MIREILLE                                                                   1 0
3200010001AV. CHANT D'OISEAUX 10             7090 BRAINE-LE-COMTE                                                            0 0
21000200002107130851042407     0000000000010000130721001500000DON                                                  13072115501 0
2200020000                                                                                        GKCCBEBB                   1 0
2300020000BE36063994109181                  EURLIENARD LAURENCE                                                              0 1
31000200012107130851042407     001500001001LIENARD LAURENCE                                                                  1 0
3200020001RUE DU CHAINIA 86                  5081 MEUX                                                                       0 0
21000300002107130851042497     0000000000010000130721001500000DON                                                  13072115501 0
2200030000                                                                                        GKCCBEBB                   1 0
2300030000BE06792508548622                  EURCURRERI CALOGERO                                                              0 1
31000300012107130851042497     001500001001CURRERI CALOGERO                                                                  1 0
3200030001RUE DE LA HAXHE 16                 4680 OUPEYE                                                                     0 0
21000400002107131432030724     0000000000010000130721001500000RUBAN 2021                                           13072115501 0
2200040000                                                                                        GEBABEBB                   1 0
2300040000BE75271013184251                  EURPIRARD GISELE                                                                 0 1
31000400012107131432030724     001500001001PIRARD GISELE                                                                     1 0
3200040001RUE JULES DEVILLE 17               1390 GREZ-DOICEAU                                                               0 0
21000500002107130851042467     0000000000005000130721001500000                                                     13072115501 0
2200050000                                                                                        GKCCBEBB                   1 0
2300050000BE13063127342039                  EURLEMPEREUR - BRUWIER                                                           0 1
31000500012107130851042467     001500001001LEMPEREUR - BRUWIER                                                               1 0
3200050001LE HAUMONT 15                      4650 HERVE                                                                      0 0
8155250013850069 EUR0BE                  0000000118671890130721                                                                0
9               000027000000000000000000000000050000                                                                           1
