0000014062120005                  L.B.SCLER.PL.ASBL/S.CENTR GEBABEBB   00424264043 00000                                       2
10129250013850069 EUR0BE                  0000000113649640110621L.B.SCLER.PL.ASBL/S.CENTR                                    129
21000100002106140848206871     0000000000100000140621001500000RUBAN 2021                                           14062112901 0
2200010000                                                                                        GKCCBEBB                   1 0
2300010000BE24063591680938                  EURMASSIN BRIGITTE                                                               0 1
31000100012106140848206871     001500001001MASSIN BRIGITTE                                                                   1 0
3200010001RUE VICTOR HUGO 190/3              1030 SCHAERBEEK                                                                 0 0
21000200002106141704421306     0000000000040000140621002500000RUBAN2021                                            14062112901 0
2200020000                                                     NOTPROVIDED                        BBRUBEBBXXX        OTHR    1 0
2300020000BE53652851822053                  EURGERMAIN-PRINGOT                                                               0 1
31000200012106141704421306     002500001001GERMAIN-PRINGOT                                                                   1 0
3200020001AV DU CENTENAIRE 79/A13            1400 NIVELLES                                                                   0 0
21000300002106141746210180     00000000000400001406210015000001802-100463                                          14062112901 0
2200030000                                                                                        GEBABEBB                   1 0
2300030000BE76240077017495                  EURTECHY FRANCINE                                                                0 1
31000300012106141746210180     001500001001TECHY FRANCINE                                                                    1 0
3200030001RUE FR.BERNHEIM 24                 4031 LIEGE                                                                      0 0
21000400002106140848206929     0000000000025000140621001500000RUBAN 2021                                           14062112901 0
2200040000                                                     6100-20210611-6110309492           BPOTBEB1                   1 0
2300040000BE78000082216186                  EURMLLE JACQUELINE DEREMIER                                                      0 1
31000400012106140848206929     001500001001MLLE JACQUELINE DEREMIER                                                          1 0
3200040001RUE MARCEL BERNARD, 14             7950 CHIEVRES                                                                   0 0
8129250013850069 EUR0BE                  0000000113854640140621                                                                0
9               000022000000000000000000000000205000                                                                           1
