0000014052120005                  L.B.SCLER.PL.ASBL/S.CENTR GEBABEBB   00424264043 00000                                       2
10104250013850069 EUR0BE                  0000000102067270130521L.B.SCLER.PL.ASBL/S.CENTR                                    104
21000100002105140847045694     00000000000035001405210015000001102 - 112815                                        14052110401 0
2200010000                                                                                        BBRUBEBB                   1 0
2300010000BE07310082283166                  EURMME ROSANE BULLMAN                                                            0 1
31000100012105140847045694     001500001001MME ROSANE BULLMAN                                                                1 0
3200010001PARVIS ST PIERRE 12                1180 UCCLE                                                                      0 0
8104250013850069 EUR0BE                  0000000102070770140521                                                                0
9               000007000000000000000000000000003500                                                                           1
