0000006082120005                  L.B.SCLER.PL.ASBL/S.CENTR GEBABEBB   00424264043 00000                                       2
10172250013850069 EUR0BE                  0000000123230210050821L.B.SCLER.PL.ASBL/S.CENTR                                    172
21000100002108060850592621     0000000000500000060821001500000ENSOUVENIR DE PATRICK GILLHRDIN                      06082117201 0
2200010000                                                     6100-20210805-8050306651           BPOTBEB1                   1 0
2300010000BE06000320878222                  EURM. ALFRED LAMBERT                                                             0 1
31000100012108060850592621     001500001001M. ALFRED LAMBERT                                                                 1 0
3200010001RUE HAUTE-VOYE,WITTIMONT,33        6860 LEGLISE                                                                    0 0
21000200002108061433429229     0000000000100000060821001500000EN SOUVENIR DE PATRICK GILLARDIN                     06082117201 0
2200020000                                                                                        GEBABEBB                   1 0
2300020000BE94267004742814                  EURLAURENT-DELOGES                                                               0 1
31000200012108061433429229     001500001001LAURENT-DELOGES                                                                   1 0
3200020001RUE DE LA GARE 25                  6860 LEGLISE                                                                    0 0
21000300002108060850592565     0000000000050000060821001500000EN SOUVENIR DE PATRICK GILLARDIN                     06082117201 0
2200030000                                                                                        GKCCBEBB                   1 0
2300030000BE64063918155252                  EURTHEISEN - PROMME                                                              0 1
31000300012108060850592565     001500001001THEISEN - PROMME                                                                  1 0
3200030001RUE SAINT-AUBIN 19                 6860 LEGLISE                                                                    0 0
21000400002108061019299598     0000000000050000060821001500000EN SOUVENIR DE PATRICK GILLARDIN                     06082117201 0
2200040000                                                                                        NICABEBB                   1 0
2300040000BE02103072213740                  EURMME VERONIQUE HANUT                                                           0 1
31000400012108061019299598     001500001001MME VERONIQUE HANUT                                                               1 0
3200040001RUE HAUTE-VOYE,5                   6860 LEGLISE                                                                    0 0
21000500002108060131077994     0000000000040000050821002500000EN SOUVENIR DE PATRICK GILLARDIN                     06082117201 0
2200050000                                                     NOTPROVIDED                        BBRUBEBBXXX        OTHR    1 0
2300050000BE63360040255208                  EURMME DANIELLE HANSENNE                                                         0 1
31000500012108060131077994     002500001001MME DANIELLE HANSENNE                                                             1 0
3200050001RUE GROGERIE 114                   6120 NALINNES                                                                   0 0
21000600002108060850592467     0000000000040000060821001500000EN SOUVENIR DE PATRICK GILLARDIN                     06082117201 0
2200060000                                                                                        GKCCBEBB                   1 0
2300060000BE47063973496580                  EURDEBAY - BLAISE                                                                0 1
31000600012108060850592467     001500001001DEBAY - BLAISE                                                                    1 0
3200060001RUE DU BEAU-LIEU 29                6860 LEGLISE                                                                    0 0
21000700002108060850592608     0000000000040000060821001500000EN SOUVENIR DE PATRIK GILLARDIN                      06082117201 0
2200070000                                                                                        BPOTBEB1                   1 0
2300070000BE16000112837874                  EURMME RITA SCHMITZ                                                              0 1
31000700012108060850592608     001500001001MME RITA SCHMITZ                                                                  1 0
3200070001RUE DU BEAU-LIEU,THIBESSART,14     6860 LEGLISE                                                                    0 0
21000800002108052238001467     0000000000030000050821002500000EN SOUVENIR DE PATRICK GILLARDIN                     06082117201 0
2200080000                                                     NOTPROVIDED                        CREGBEBBXXX                1 0
2300080000BE40194117124163                  EURHUBERT-LAURENT JEAN + MARYSE                                                  0 1
31000800012108052238001467     002500001001HUBERT-LAURENT JEAN + MARYSE                                                      1 0
3200080001RUE DES FORGES 29                  6860 MELLIER                                                                    0 0
21000900002108061019299573     0000000000030000060821001500000EN SOUVENIR DE PATRICK GILLARDIN                     06082117201 0
2200090000                                                                                        NICABEBB                   1 0
2300090000BE08103110749113                  EURLEGRAS - DASNOY                                                               0 1
31000900012108061019299573     001500001001LEGRAS - DASNOY                                                                   1 0
3200090001RUE DU ROUTEUX 10                  6860 LEGLISE                                                                    0 0
21001000002108052146372811     0000000000025000050821002500000EN SOUVENIR DE PATRICK GILLARDIN                     06082117201 0
2200100000                                                     NOTPROVIDED                        CREGBEBBXXX                1 0
2300100000BE78732683087286                  EURLANGUE-OGER BRUNO + DOMINIQUE                                                 0 1
31001000012108052146372811     002500001001LANGUE-OGER BRUNO + DOMINIQUE                                                     1 0
3200100001RUE DU BOIS 36                     6724 RULLES                                                                     0 0
21001100002108061433429295     0000000000020000060821001500000EN SOUVENIR DE PATRICK GILLARDIN                     06082117201 0
2200110000                                                                                        GEBABEBB                   1 0
2300110000BE46001010898836                  EURDULIEU MARIE-CLAIRE                                                           0 1
31001100012108061433429295     001500001001DULIEU MARIE-CLAIRE                                                               1 0
3200110001RUE DES SPORTS 17                  6860 LEGLISE                                                                    0 0
21001200002108061216251495     0000000000010000060821001500000EN SOUVENIR DE PATRICK GILLARDIN                     06082117201 0
2200120000                                                                                        GEBABEBB                   1 0
2300120000BE02267036037640                  EURMONFORT ANNETTE                                                               0 1
31001200012108061216251495     001500001001MONFORT ANNETTE                                                                   1 0
3200120001RUE DE GRAINCHAMPS 8               6724 HABAY                                                                      0 0
21001300002108060850592595     0000000000005000060821001500000DON                                                  06082117201 0
2200130000                                                                                        BPOTBEB1                   1 0
2300130000BE07000126572266                  EURALMER RUDOLF                                                                  0 1
31001300012108060850592595     001500001001ALMER RUDOLF                                                                      1 0
3200130001RUE TOUT VA BIEN, 98               4420 SAINT-NICOLAS                                                              0 1
31001300022108060850592595     001500001008LIGUE BELGE DE LA SCLA ROSE EN PLAQU                                              0 1
31001300032108060850592595     001500001009ALMER RUDOLF                                                                      0 0
21001400002108060956528066     0000000000004000060821001500000                                                     06082117201 0
2200140000                                                     147817868                          GEBABEBB                   1 0
2300140000BE98210076731193                  EURMR ET MME VANHERCK-MAZY                                                       0 1
31001400012108060956528066     001500001001MR ET MME VANHERCK-MAZY                                                           1 0
3200140001RUE CASTOR 6                       1421 BRAINE-L'ALLEUD                                                            0 0
8172250013850069 EUR0BE                  0000000124174210060821                                                                0
9               000074000000000000000000000000944000                                                                           1
