0000019042120005                  L.B.SCLER.PL.ASBL/S.CENTR GEBABEBB   00424264043 00000                                       2
10079250013850069 EUR0BE                  0000000095700270180421L.B.SCLER.PL.ASBL/S.CENTR                                    079
21000100002104190956155548     0000000000200000180421001500000PROJETS 2021 118043                                  19042107901 0
2200010000                                                                                        GEBABEBB                   1 0
2300010000BE16143077122074                  EURBRASSEUR MARTINE                                                              0 1
31000100012104190956155548     001500001001BRASSEUR MARTINE                                                                  1 0
3200010001RUE WANROCHE 1                     5575 GEDINNE                                                                    0 0
21000200002104190849505217     0000000000100000190421001500000PROJETS 2021 - 109368                                19042107901 0
2200020000                                                                                        GKCCBEBB                   1 0
2300020000BE80063096771477                  EURSERNEELS PIERRE                                                               0 1
31000200012104190849505217     001500001001SERNEELS PIERRE                                                                   1 0
3200020001AVENUE DU CENTENAIRE 2             1400 NIVELLES                                                                   0 0
21000300002104190849505093     0000000000050000190421001500000PROJETS 2021-75833 ATTEST FISC SVP                   19042107901 0
2200030000                                                     6100-20210416-4160308370           BPOTBEB1                   1 0
2300030000BE44000108741545                  EURM. JEAN-PAUL DE MULDER                                                        0 1
31000300012104190849505093     001500001001M. JEAN-PAUL DE MULDER                                                            1 0
3200030001RUE THINIHEID, 71                  4801 VERVIERS                                                                   0 0
21000400002104190849505410     0000000000050000190421001500000PROIFT,9 2021 - 98241                                19042107901 0
2200040000                                                     6100-20210416-4160301503           BPOTBEB1                   1 0
2300040000BE24000093822238                  EURMLLE ANDREE GOLINVEAU                                                         0 1
31000400012104190849505410     001500001001MLLE ANDREE GOLINVEAU                                                             1 0
3200040001RUE DELVAL, 15                     7170 MANAGE                                                                     0 0
21000500002104191730210152     0000000000050000190421002500000PROJETS 2021- 117402                                 19042107901 0
2200050000                                                     NOTPROVIDED                        BBRUBEBBXXX        OTHR    1 0
2300050000BE50377060293318                  EURHENRION PRADARELLI                                                            0 1
31000500012104191730210152     002500001001HENRION PRADARELLI                                                                1 0
3200050001RUE DECOSTER 4                     1320 BEAUVECHAIN                                                                0 0
21000600002104190849505273     0000000000040000190421001500000PROJETS 2021-116128                                  19042107901 0
2200060000                                                                                        AXABBE22                   1 0
2300060000BE53750657892053                  EURHECTOR NOEL - SURDYCK ROSE-MARIE                                              0 1
31000600012104190849505273     001500001001HECTOR NOEL - SURDYCK ROSE-MARIE                                                  1 0
3200060001RUE BOURGOGNE 8 / A                6120 MARBAIX                                                                    0 0
21000700002104190849505397     0000000000040000190421001500000PROJETS 2021 116089                                  19042107901 0
2200070000                                                                                        GKCCBEBB                   1 0
2300070000BE86062332981050                  EURDE RADIGUES DE CHENNEVIERE                                                    0 1
31000700012104190849505397     001500001001DE RADIGUES DE CHENNEVIERE                                                        1 0
3200070001CHATEAU D'ANDOY 88                 5100 WIERDE                                                                     0 0
21000800002104190956155606     0000000000040000190421001500000PROJETS 2021-117375                                  19042107901 0
2200080000                                                                                        GEBABEBB                   1 0
2300080000BE90210066365432                  EURMME RENEE KELLER                                                              0 1
31000800012104190956155606     001500001001MME RENEE KELLER                                                                  1 0
3200080001AV.D.VOLONTAIRES 325 B008          1150 WOLUWE-SAINT-PIERRE                                                        0 0
21000900002104191438327983     0000000000040000190421002500000PROJETS 2021                                         19042107901 0
2200090000                                                     NOTPROVIDED                        BBRUBEBBXXX        OTHR    1 0
2300090000BE33340016064046                  EURCOLLINET DE MARCHANT                                                          0 1
31000900012104191438327983     002500001001COLLINET DE MARCHANT                                                              1 0
3200090001LES MARCHETTES 1                   6940 GRANDHAN                                                                   0 0
21001000002104191318495075     0000000000010000190421001500000MOD SOUTIEN PERS +500APPELS/AN                       19042107901 0
2200100000                                                                                        ARSPBE22                   1 0
2300100000BE14979929597683                  EUREDMOND GEORGES                                                                0 1
31001000012104191318495075     001500001001EDMOND GEORGES                                                                    1 0
3200100001AVENUE COMMANDANT LOTHAIRE 55/B001 1040 ETTERBEEK                                                                  0 0
8079250013850069 EUR0BE                  0000000096320270190421                                                                0
9               000052000000000000000000000000620000                                                                           1
