0000014122120005                  L.B.SCLER.PL.ASBL/S.CENTR GEBABEBB   00424264043 00000                                       2
10293250013850069 EUR0BE                  0000000124132920131221L.B.SCLER.PL.ASBL/S.CENTR                                    293
21000100002112140853088520     0000000003492980141221001500000FIN DE L ASSOCIATION S.E.P. TENIR BON ATH ET ENVIRONS14122129301 0
2200010000                                                                                        AXABBE22                   1 0
2300010000BE89800226107785                  EURSCLEROSE EN PLAQUES                                                           0 1
31000100012112140853088520     001500001001SCLEROSE EN PLAQUES                                                               1 0
3200010001CHEMIN DE LA TOURETTE 30           7822 ATH                                                                        0 0
21000200002112141400411229     0000000000300000141221002500000DON                                                  14122129301 0
2200020000                                                     NOTPROVIDED                        CREGBEBBXXX                1 0
2300020000BE21732631203303                  EURBUREAU ASSURANCES MONIOTTE LEOPOLD                                            0 1
31000200012112141400411229     002500001001BUREAU ASSURANCES MONIOTTE LEOPOLD                                                1 0
3200020001VOIE DE ROSSART 36                 6890 OCHAMPS                                                                    0 0
21000300002112140853088532     0000000000080000141221001500000DON 2021                                             14122129301 0
2200030000                                                                                        BPOTBEB1                   1 0
2300030000BE40000068187663                  EURMME GEORGETTE CUVELIER                                                        0 1
31000300012112140853088532     001500001001MME GEORGETTE CUVELIER                                                            1 0
3200030001RUE DE LA PROVIDENCE,36            6041 CHARLEROI                                                                  0 0
21000400002112140853088474     0000000000040000141221001500000RUBAN 2021                                           14122129301 0
2200040000                                                     6100-20211213-2130303279           BPOTBEB1                   1 0
2300040000BE23000057811491                  EURM. ANDRE BASTIN                                                               0 1
31000400012112140853088474     001500001001M. ANDRE BASTIN                                                                   1 0
3200040001AVENUE LAURE,101                   1082 BERCHEM-SAINTE-AGATHE                                                      0 0
8293250013850069 EUR0BE                  0000000128045900141221                                                                0
9               000022000000000000000000000003912980                                                                           1
