0000015042120005                  L.B.SCLER.PL.ASBL/S.CENTR GEBABEBB   00424264043 00000                                       2
10075250013850069 EUR0BE                  0000000093176770140421L.B.SCLER.PL.ASBL/S.CENTR                                    075
21000100002104141940320133     0000000000200000140421002500000DON                                                  15042107501 0
2200010000                                                     NOTPROVIDED                        KREDBEBBXXX                1 0
2300010000BE76433814254195                  EURDETRILLES-SAEZ GUY + MARIA                                                    0 1
31000100012104141940320133     002500001001DETRILLES-SAEZ GUY + MARIA                                                        1 0
3200010001BOSWEIDELAAN 18                    1640 SINT-GENESIUS-RODE                                                         0 0
21000200002104150851552399     0000000000200000150421001500000PROJETS 2021-115892                                  15042107501 0
2200020000                                                                                        GKCCBEBB                   1 0
2300020000BE48792502205327                  EURTOCK GERARD                                                                   0 1
31000200012104150851552399     001500001001TOCK GERARD                                                                       1 0
3200020001RUE DE BERNEAU 65                  4600 VISE                                                                       0 0
21000300002104150956432471     0000000000100000150421001500000DON                                                  15042107501 0
2200030000                                                                                        GEBABEBB                   1 0
2300030000BE40290013118663                  EURVAN SCHOOTE YVES                                                              0 1
31000300012104150956432471     001500001001VAN SCHOOTE YVES                                                                  1 0
3200030001LATEMSTRAAT 131                    9830 SINT-MARTENS-LATEM                                                         0 0
21000400002104151619214730     0000000000080000150421002500000PROJETS 2021 -85259                                  15042107501 0
2200040000                                                     NOTPROVIDED                        BBRUBEBBXXX        OTHR    1 0
2300040000BE86340097010950                  EURM JEAN PIERRE LARUELLE                                                        0 1
31000400012104151619214730     002500001001M JEAN PIERRE LARUELLE                                                            1 0
3200040001PL J WILLEM 11 31                  4032 CHENEE                                                                     0 0
21000500002104150759269823     0000000000050000150421002500000                                                     15042107501 0
2200050000                                                     NOTPROVIDED                        BBRUBEBBXXX        OTHR    1 0
2300050000BE35310095404337                  EURM THIERRY LAMBRECHT                                                           0 1
31000500012104150759269823     002500001001M THIERRY LAMBRECHT                                                               1 0
3200050001PL NOUV MARCHE GRAINS 4            1000 BRUXELLES                                                                  0 0
21000600002104150851552429     0000000000050000150421001500000PROJETS 2021 - 81751                                 15042107501 0
2200060000                                                                                        GKCCBEBB                   1 0
2300060000BE12062427793092                  EURVAN ASSCHE SUZANNE                                                            0 1
31000600012104150851552429     001500001001VAN ASSCHE SUZANNE                                                                1 0
3200060001BRIGADE PIRONLAAN 115/10           1080 SINT-JANS-MOLENBEEK                                                        0 0
21000700002104150956432342     0000000000050000140421001500000PROJETS 2021 110386                                  15042107501 0
2200070000                                                                                        GEBABEBB                   1 0
2300070000BE67210012186787                  EURNADIA VANDENBOGAARD                                                           0 1
31000700012104150956432342     001500001001NADIA VANDENBOGAARD                                                               1 0
3200070001GRASMUSLAAN 25 A                   1640 SINT-GENESIUS-RODE                                                         0 0
21000800002104151746367426     0000000000050000150421001500000PROJETS2021-116256                                   15042107501 0
2200080000                                                                                        GEBABEBB                   1 0
2300080000BE76001597715995                  EURBELLENS LIA                                                                   0 1
31000800012104151746367426     001500001001BELLENS LIA                                                                       1 0
3200080001AV.H.DE BROUCKERE 58               1160 AUDERGHEM                                                                  0 0
21000900002104151746367638     0000000000050000150421001500000PROJETS 2021-114437                                  15042107501 0
2200090000                                                                                        GEBABEBB                   1 0
2300090000BE72001023885116                  EURMORIMONT CECILE                                                               0 1
31000900012104151746367638     001500001001MORIMONT CECILE                                                                   1 0
3200090001RUE DU CENTRE 54                   5333 ASSESSE                                                                    0 0
21001000002104151746367689     0000000000050000150421001500000PROJETS 2021-85951                                   15042107501 0
2200100000                                                                                        GEBABEBB                   1 0
2300100000BE82001064339368                  EURWARNANT GEORGES                                                               0 1
31001000012104151746367689     001500001001WARNANT GEORGES                                                                   1 0
3200100001RUE DU CENTRE 54                   5333 ASSESSE                                                                    0 0
21001100002104150851552305     0000000000040000150421001500000PROJETS 2021 75660                                   15042107501 0
2200110000                                                                                        BPOTBEB1                   1 0
2300110000BE82000066228768                  EURMME RENEE BONFOND                                                             0 1
31001100012104150851552305     001500001001MME RENEE BONFOND                                                                 1 0
3200110001RUE PRE DE LHONEUX, 10             4920 AYWAILLE                                                                   0 0
21001200002104151101422542     0000000000040000150421001500000PROJETS 2021-114985                                  15042107501 0
2200120000                                                                                        GEBABEBB                   1 0
2300120000BE61001113193117                  EURLARMINIER ANNE-MARIE                                                          0 1
31001200012104151101422542     001500001001LARMINIER ANNE-MARIE                                                              1 0
3200120001AV.D/L RESISTANCE 284              4630 SOUMAGNE                                                                   0 0
21001300002104150851552369     0000000000035000150421001500000PROJETS 2021 - 91972                                 15042107501 0
2200130000                                                                                        AXABBE22                   1 0
2300130000BE97750925000549                  EURJACQUERY HENRI                                                                0 1
31001300012104150851552369     001500001001JACQUERY HENRI                                                                    1 0
3200130001RUE OCTAVE LEDUC 15 B1             7500 TOURNAI                                                                    0 0
21001400002104150851552249     0000000000020000150421001500000                                                     15042107501 0
2200140000                                                                                        BBRUBEBB                   1 0
2300140000BE11363137469248                  EURM EDOUARD NIFFLE                                                              0 1
31001400012104150851552249     001500001001M EDOUARD NIFFLE                                                                  1 0
3200140001RUE SUR LA FONTAINE 114            4000 LIEGE                                                                      0 0
21001500002104150956432396     0000000000020000150421001500000                                                     15042107501 0
2200150000                                                     170777949                          GEBABEBB                   1 0
2300150000BE12240057316492                  EURDOUTREWE JEAN                                                                 0 1
31001500012104150956432396     001500001001DOUTREWE JEAN                                                                     1 0
3200150001RUE NOUWEN 21                      4690 BASSENGE                                                                   0 0
21001600002104150956432239     0000000000015000150421001500000DON MENSUEL                                          15042107501 0
2200160000                                                     033868830                          GEBABEBB                   1 0
2300160000BE44001142179545                  EURDE SMEDT-STAS                                                                 0 1
31001600012104150956432239     001500001001DE SMEDT-STAS                                                                     1 0
3200160001I. CROKAERTSTRAAT 280              1731 ASSE                                                                       0 0
21001700002104150851552337     00000000000035001504210015000001102 - 112815                                        15042107501 0
2200170000                                                                                        BBRUBEBB                   1 0
2300170000BE07310082283166                  EURMME ROSANE BULLMAN                                                            0 1
31001700012104150851552337     001500001001MME ROSANE BULLMAN                                                                1 0
3200170001PARVIS ST PIERRE 12                1180 UCCLE                                                                      0 0
8075250013850069 EUR0BE                  0000000094230270150421                                                                0
9               000087000000000000000000000001053500                                                                           1
