0000007062120005                  L.B.SCLER.PL.ASBL/S.CENTR GEBABEBB   00424264043 00000                                       2
10124250013850069 EUR0BE                  0000000108299020060621L.B.SCLER.PL.ASBL/S.CENTR                                    124
21000100002106070852244642     0000000000050000070621001500000RUBAN 2021                                           07062112401 0
2200010000                                                                                        BPOTBEB1                   1 0
2300010000BE43000036025901                  EURADAM-LACROIX                                                                  0 1
31000100012106070852244642     001500001001ADAM-LACROIX                                                                      1 0
3200010001RUE DES BOUVREUILS, 9              6760 ETHE                                                                       0 0
21000200002106071432431875     0000000000050000070621001500000109696    PROJETS 2021                               07062112401 0
2200020000                                                                                        GEBABEBB                   1 0
2300020000BE79271076504033                  EURGENNART MARIE                                                                 0 1
31000200012106071432431875     001500001001GENNART MARIE                                                                     1 0
3200020001AV. HERBERT HOOVER 2 101           1332 RIXENSART                                                                  0 0
21000300002106071519246917     0000000000050000070621001500000RUBAN 2021                                           07062112401 0
2200030000                                                     20210607CEC101003340-015975        KEYTBEBB                   1 0
2300030000BE03651151492784                  EURBELENGER - LAURENS                                                            0 1
31000300012106071519246917     001500001001BELENGER - LAURENS                                                                1 0
3200030001AVENUE CLAIRE 43                   1410 WATERLOO                                                                   0 0
21000400002106070852244615     0000000000040000070621001500000GIROUARD - RUE A. PONSON 13/22, 4020 JUPILLE         07062112401 0
2200040000                                                                                        GKCCBEBB                   1 0
2300040000BE67063075539187                  EURGIROUARD CARINE                                                               0 1
31000400012106070852244615     001500001001GIROUARD CARINE                                                                   1 0
3200040001RUE AUGUSTE PONSON 13 22           4020 LIEGE                                                                      0 0
21000500002106070852244624     0000000000040000070621001500000RUBAN 2021                                           07062112401 0
2200050000                                                                                        ARSPBE22                   1 0
2300050000BE10979546614304                  EURMARIE COURTOIS                                                                0 1
31000500012106070852244624     001500001001MARIE COURTOIS                                                                    1 0
3200050001RUE MARECHAL FOCH 176/61           4430 ANS                                                                        0 0
21000600002106070852244651     0000000000040000070621001500000RUBAN 2021                                           07062112401 0
2200060000                                                     6100-20210604-6040303351           BPOTBEB1                   1 0
2300060000BE32000129281802                  EURMLLE NICOLE NIZET                                                             0 1
31000600012106070852244651     001500001001MLLE NICOLE NIZET                                                                 1 0
3200060001RUE DES BLUETS, 20                 4020 LIEGE                                                                      0 0
21000700002106070957073760     0000000000020000070621001500000MATHS FRANCINE                                       07062112401 0
2200070000                                                     174883106                          GEBABEBB                   1 0
2300070000BE64001130161952                  EURMATHYS FRANCINE                                                               0 1
31000700012106070957073760     001500001001MATHYS FRANCINE                                                                   1 0
3200070001RUE DE METTET 114 0021             5620 FLORENNES                                                                  0 0
21000800002106071040329263     0000000000013000070621001500000AURELIE MONCHAUX                                     07062112401 0
2200080000                                                     I65V21156L011490                   CTBKBEBX                   1 0
2300080000BE41950122683410                  EURM JEAN MONCHAUX                                                               0 1
31000800012106071040329263     001500001001M JEAN MONCHAUX                                                                   1 0
3200080001RUE DE LA CENSE AU BOIS 11         7800 ATH                                                                        0 0
21000900002106070957073698     0000000000010000070621001500000                                                     07062112401 0
2200090000                                                     174619255                          GEBABEBB                   1 0
2300090000BE43001311973601                  EURUDA CARLA                                                                     0 1
31000900012106070957073698     001500001001UDA CARLA                                                                         1 0
3200090001RUE GENERAL LEMAN 82 000-A         6044 CHARLEROI                                                                  0 0
21001000002106071702097957     0000000000010000070621001500000RUBAN 2021                                           07062112401 0
2200100000                                                                                        GEBABEBB                   1 0
2300100000BE57271007110435                  EURDEMOULIN FLORENCE                                                             0 1
31001000012106071702097957     001500001001DEMOULIN FLORENCE                                                                 1 0
3200100001AV. PAUL DELVAUX 8 0102            1340 OTTIGNIES-LOUVAIN-LA-N                                                     0 0
21001100002106070852244596     0000000000005000070621001500000                                                     07062112401 0
2200110000                                                                                        BBRUBEBB                   1 0
2300110000BE96367013866205                  EURM MICHEL SEIDEL                                                               0 1
31001100012106070852244596     001500001001M MICHEL SEIDEL                                                                   1 0
3200110001CHAMPS MORAIS 83                   6880 BERTRIX                                                                    0 0
21001200002106070852244632     0000000000005000070621001500000DON                                                  07062112401 0
2200120000                                                                                        BPOTBEB1                   1 0
2300120000BE07000126572266                  EURALMER RUDOLF                                                                  0 1
31001200012106070852244632     001500001001ALMER RUDOLF                                                                      1 0
3200120001RUE TOUT VA BIEN, 98               4420 SAINT-NICOLAS                                                              0 1
31001200022106070852244632     001500001008LIGUE BELGE DE LA SCLA ROSE EN PLAQU                                              0 1
31001200032106070852244632     001500001009ALMER RUDOLF                                                                      0 0
21001300002106071236406905     0000000000005000070621002500000RUBANS 2021                                          07062112401 0
2200130000                                                     NOTPROVIDED                        BBRUBEBBXXX        OTHR    1 0
2300130000BE19340008640112                  EURMLLE ANNA APRUZZESE                                                           0 1
31001300012106071236406905     002500001001MLLE ANNA APRUZZESE                                                               1 0
3200130001BLD D AVROY 24 / 71                4000 LIEGE                                                                      0 0
8124250013850069 EUR0BE                  0000000108637020070621                                                                0
9               000069000000000000000000000000338000                                                                           1
