0000013042120005                  L.B.SCLER.PL.ASBL/S.CENTR GEBABEBB   00424264043 00000                                       2
10073250013850069 EUR0BE                  0000000092286770120421L.B.SCLER.PL.ASBL/S.CENTR                                    073
21000100002104131517484305     0000000000100000130421001500000PROJETS 2021 - 115847                                13042107301 0
2200010000                 DON FISCAL 2021                                                        AXABBE22                   1 0
2300010000BE66750684595143                  EURGILSON THIERRY                                                                0 1
31000100012104131517484305     001500001001GILSON THIERRY                                                                    1 0
3200010001AV.HENRI DE BROUCKERE 104          1160 AUDERGHEM                                                                  0 0
21000200002104131618574484     0000000000040000130421002500000PROJETS 2021-117890                                  13042107301 0
2200020000                                                     NOTPROVIDED                        BBRUBEBBXXX        OTHR    1 0
2300020000BE98340089109793                  EURMME MARTINE PIRONET                                                           0 1
31000200012104131618574484     002500001001MME MARTINE PIRONET                                                               1 0
3200020001RUE MAHAIM 121                     4100 SERAING                                                                    0 0
21000300002104131850316499     0000000000040000130421002500000PROJETS 2021 109085                                  13042107301 0
2200030000                                                     NOTPROVIDED                        CREGBEBBXXX                1 0
2300030000BE42732002241054                  EURJAMOULLE MARTINE                                                              0 1
31000300012104131850316499     002500001001JAMOULLE MARTINE                                                                  1 0
3200030001PLACE MAQUET 1 BTE 21              4280 HANNUT                                                                     0 0
21000400002104131902306812     0000000000040000130421001500000PROJETS 2021-108182                                  13042107301 0
2200040000                                                                                        GEBABEBB                   1 0
2300040000BE58240029980579                  EURABRASSART CHARLES                                                             0 1
31000400012104131902306812     001500001001ABRASSART CHARLES                                                                 1 0
3200040001AV. JACQUES GREGOIRE 36            4500 HUY                                                                        0 0
21000500002104130852153194     0000000000010000130421001500000DON                                                  13042107301 0
2200050000                                                                                        GKCCBEBB                   1 0
2300050000BE36063994109181                  EURLIENARD LAURENCE                                                              0 1
31000500012104130852153194     001500001001LIENARD LAURENCE                                                                  1 0
3200050001RUE DU CHAINIA 86                  5081 MEUX                                                                       0 0
21000600002104130852153220     0000000000010000130421001500000DON                                                  13042107301 0
2200060000                                                                                        GKCCBEBB                   1 0
2300060000BE06792508548622                  EURCURRERI CALOGERO                                                              0 1
31000600012104130852153220     001500001001CURRERI CALOGERO                                                                  1 0
3200060001RUE DE LA HAXHE 16                 4680 OUPEYE                                                                     0 0
21000700002104130852153152     0000000000005000130421001500000                                                     13042107301 0
2200070000                                                                                        GKCCBEBB                   1 0
2300070000BE13063127342039                  EURLEMPEREUR - BRUWIER                                                           0 1
31000700012104130852153152     001500001001LEMPEREUR - BRUWIER                                                               1 0
3200070001LE HAUMONT 15                      4650 HERVE                                                                      0 0
8073250013850069 EUR0BE                  0000000092531770130421                                                                0
9               000037000000000000000000000000245000                                                                           1
