0000008082120005                  L.B.SCLER.PL.ASBL/S.CENTR GEBABEBB   00424264043 00000                                       2
10174250013850069 EUR0BE                  0000000124419210070821L.B.SCLER.PL.ASBL/S.CENTR                                    174
21000100002108081101066196     0000000000100000080821001500000EN SOUVENIR DE PATRICK GILLARDIN, HOMME DE VALEUR, PA08082117401 0
2200010000PA D'EXCELLENCE, EPOUX ATTENTIF.                                                        GEBABEBB                   1 0
2300010000BE72001183779916                  EURDELWICHE-RAUMANIS                                                             0 1
31000100012108081101066196     001500001001DELWICHE-RAUMANIS                                                                 1 0
3200010001AV.D.L'UNIVERSITE 88 005-E         1050 IXELLES                                                                    0 0
21000200002108081431206370     0000000000050000080821001500000DON EN SOUVENIR DE PATRICK GILLARDIN                 08082117401 0
2200020000                                                                                        GEBABEBB                   1 0
2300020000BE37001152304628                  EURTHIRY-DOYEN                                                                   0 1
31000200012108081431206370     001500001001THIRY-DOYEN                                                                       1 0
3200020001RUE DE GRAINCHAMPS 14              6724 HABAY                                                                      0 0
8174250013850069 EUR0BE                  0000000124569210080821                                                                0
9               000012000000000000000000000000150000                                                                           1
